3084 4900
324 612 378 669 110
640 609 671 664 Q·
689 608 837 657 HORATII
854 607 987 657 FLACCI.

357 751 447 814 Quod
460 771 549 827 puero
563 752 679 826 cecinit,
693 750 791 810 divina
805 749 880 809 mota
894 770 966 807 anus
980 749 1067 807 urna:
1276 754 1316 811 30

359 836 367 863 ⁴
380 832 469 889 Hunc
483 851 575 908 neque
590 833 652 891 dira
665 851 786 904 venena,
800 851 856 888 nec
871 830 996 888 hosticus
1010 830 1119 887 auferet
1132 830 1221 904 ensis,

359 910 426 968 Nec
439 910 559 969 laterum
573 912 662 984 dolor,
677 922 726 969 aut
739 911 835 983 tussis,
849 929 905 967 nec
918 910 999 968 tarda
1011 910 1137 984 podagra
1145 929 1153 980 ;
1234 943 1238 950 ·

359 990 498 1048 Garrulus
511 992 590 1048 huno
603 992 717 1067 quando
731 1001 882 1047 consumet
896 1007 1025 1063 cunque:
1046 989 1191 1063 loquaces,

360 1070 392 1127 Si
406 1068 506 1145 sapiat,
520 1071 598 1143 vitet,
612 1070 695 1128 simul
710 1080 794 1145 atque
808 1069 960 1126 adoleverit
975 1068 1059 1124 aetasf
1075 1068 1092 1095 ''

399 1148 525 1206 Ventum
540 1160 601 1207 erat
614 1150 650 1207 ad
665 1150 770 1219 Vestae,
785 1148 884 1223 quarta
895 1147 954 1222 jam
968 1160 1047 1222 parte
1062 1146 1119 1205 diei
1271 1149 1312 1207 35

358 1226 525 1299 Praeterita3
546 1240 576 1286 et
589 1247 668 1299 casu,
683 1238 752 1285 tunc
766 1227 937 1301 respondere
951 1226 1053 1283 vadato

359 1306 506 1364 Debebat:
528 1308 647 1382 quodni
662 1307 784 1377 lecisset,
798 1307 917 1382 perdere
931 1305 1018 1361 litem.

359 1387 420 1442 “Si
434 1405 480 1442 me
495 1387 601 1457 arnas,”
617 1386 718 1461 inquit,
731 1391 748 1416 “
761 1383 879 1461 paulum
895 1382 943 1440 hic
957 1384 1053 1441 ades.’'
1091 1388 1109 1415 “
1119 1383 1275 1458 Inteream,
1286 1387 1310 1445 si

359 1466 420 1522 Aut
434 1465 513 1522 valeo
527 1475 610 1537 stare,
626 1475 674 1522 aut
688 1466 753 1523 nori
767 1464 861 1521 civilia
872 1464 951 1541 jura!

359 1543 397 1600 Et
407 1563 527 1619 propero
535 1542 591 1619 qud
601 1544 684 1602 scis.’'
708 1544 847 1601 “Dubius
858 1563 920 1599 sum
933 1543 1000 1618 quid
1012 1542 1142 1613 saciam,’'
1152 1542 1245 1619 inquit
1254 1564 1261 1615 ;
1270 1546 1310 1601 40

360 1628 377 1653 ‘⁴
388 1622 472 1680 Tene
481 1624 649 1699 relinquam,
662 1643 698 1681 an
708 1625 796 1682 rem.’'
826 1628 843 1653 “
855 1622 915 1695 Me,
925 1624 1036 1679 sodesss’
1066 1621 1122 1679 “N
1125 1642 1163 1679 on
1173 1623 1276 1681 faciam
1280 1625 1307 1698 ,''

437 1701 501 1772 ille3

359 1780 397 1838 Et
410 1783 571 1857 praecedere
585 1783 679 1859 coepit.
721 1783 794 1859 Ego,
808 1792 840 1839 ut
853 1781 1027 1840 contendere
1041 1780 1145 1837 durum
1158 1789 1202 1839 est

359 1861 435 1918 Cum
446 1861 561 1934 victore,
576 1882 686 1938 sequor.
728 1868 746 1894 “
759 1862 906 1919 Maecenas
920 1861 1060 1936 quomodo
1073 1872 1169 1917 tecum
1178 1861 1208 1917 l’'

360 1939 439 1998 Hinc
453 1941 563 2017 repetit.
585 1947 603 1972 “
619 1942 781 2000 Paucorum
795 1941 952 2012 hominum,
964 1950 993 1996 et
1007 1940 1110 1996 mentis
1124 1938 1198 1998 bene
1212 1943 1308 1999 sarim:

358 2018 454 2077 Nemo
467 2018 612 2079 dexterius
626 2022 739 2078 fortuna
753 2032 797 2078 est
810 2020 906 2077 usus‚''
949 2024 966 2049 “
983 2018 1113 2075 Haberes
1268 2022 1309 2078 45

359 2096 499 2174 Magnum
515 2100 680 2175 adjutorem,
694 2111 789 2175 posset
803 2099 850 2174 qui
865 2100 936 2155 ferre
951 2098 1102 2168 secundas,

359 2176 448 2233 Hunc
462 2178 607 2235 hominem
621 2178 707 2235 velles
721 2179 745 2234 si
756 2179 884 2246 tradere;
907 2178 1075 2251 dispeream,
1089 2178 1120 2235 ni

359 2254 540 2314 Summdsses
553 2258 680 2315 onmes.”
723 2261 741 2287 “
756 2256 787 2313 N
788 2277 826 2315 on
841 2256 895 2314 isto
909 2256 1027 2312 vivimus
1041 2255 1109 2328 illic,

357 2334 427 2396 Quo
440 2345 471 2392 tu
485 2352 557 2408 rere,
572 2336 672 2394 modo:
694 2336 795 2393 domus
809 2336 865 2392 haic
878 2354 933 2391 nec
947 2335 1041 2411 purior
1055 2335 1113 2392 ulla
1126 2346 1178 2407 est,

358 2413 423 2472 Nec
437 2412 529 2492 magis
542 2416 586 2474 his
601 2416 694 2474 aliena
709 2416 807 2473 malis:
828 2415 867 2473 nil
883 2413 923 2472 mi
936 2414 1025 2473 officit
1038 2434 1173 2492 unquam,
1268 2418 1309 2476 50

358 2493 452 2553 Ditior
466 2497 524 2569 hic,
539 2508 588 2554 aut
601 2508 644 2554 est
657 2497 724 2572 quia
738 2495 864 2554 doctior:
886 2505 929 2552 est
942 2496 1022 2553 locus
1036 2495 1098 2551 uni·
1116 2520 1125 2532 ·
1219 2512 1221 2517 ’

358 2573 461 2651 cuique
476 2578 572 2633 suus.’'
601 2575 768 2653 “Magnum
783 2595 890 2647 narras,
904 2576 950 2632 vix
964 2574 1127 2632 credibile.''
1156 2575 1274 2651 “Atqui

358 2654 409 2710 Sic
425 2655 537 2713 habet.''
560 2660 578 2687 “
594 2656 741 2714 Accendis
755 2675 841 2732 quare
856 2656 970 2731 cupiam
983 2650 1075 2730 magis
1089 2653 1130 2710 illi

357 2732 508 2792 Proximus
522 2737 612 2795 esse.”
649 2741 667 2767 “
682 2736 762 2793 Velis
776 2736 988 2804 tantummod03
1010 2753 1073 2814 quae
1086 2743 1135 2790 tua
1148 2731 1246 2806 virtus,

357 2811 559 2889 Expugnabis:
581 2827 610 2873 et
623 2827 666 2873 est
679 2816 728 2891 qui
739 2815 818 2871 'vinci
829 2814 917 2889 possit
925 2834 932 2882 ;
954 2832 1044 2888 eoque
1268 2815 1309 2871 55

357 2891 496 2950 Difficiles
511 2895 604 2952 aditus
617 2895 722 2970 primos
737 2893 849 2950 habet.''
892 2897 910 2923 “
926 2892 1014 2949 Haud
1029 2891 1099 2948 mihi
1113 2892 1214 2950 deero:

358 2968 527 3029 Muneribus
541 2992 636 3030 servos
650 2990 847 3047 corrumpam3
869 2989 937 3042 non,
953 2969 1037 3027 hodie
1052 2971 1075 3026 si

357 3047 498 3108 Exclusus
513 3052 602 3123 fuero,
617 3051 769 3119 desistam,
804 3061 931 3124 tempora
945 3067 1085 3124 quaeram:

356 3128 515 3186 Occurram
530 3130 559 3186 in
574 3129 679 3199 triviis3
700 3130 850 3185 deducam.
891 3126 941 3183 Nil
956 3128 1018 3183 sine
1032 3145 1137 3202 magno

356 3206 424 3264 Vita
434 3207 530 3267 labore
544 3208 623 3265 dedit
636 3207 829 3265 mortalibus''
865 3206 938 3263 Haec
952 3208 1020 3263 dum
1035 3207 1103 3282 agit,
1118 3225 1188 3264 ecce
1268 3209 1308 3267 60

356 3284 468 3343 Fuscus
481 3288 605 3344 Aristius
618 3287 753 3358 occurrit,
768 3286 838 3343 mihi
852 3304 945 3356 carus,
960 3297 989 3342 et
1003 3285 1081 3342 illum

355 3365 416 3426 Qui
428 3364 547 3440 pulchrd
562 3364 667 3424 nosset.
701 3365 900 3424 Consistimus.
936 3365 1048 3422 “Unde
1063 3366 1181 3422 venisl'’
1196 3381 1227 3424 et

359 3442 460 3507 “Qud
474 3446 569 3503 tendis
577 3447 607 3503 l''
629 3458 710 3521 rogat
722 3466 729 3516 ;
751 3456 781 3505 et
794 3446 954 3522 respondet.
989 3444 1103 3502 Vellere
1117 3444 1201 3522 ooepi,

355 3526 394 3584 Et
406 3544 539 3600 prensare
554 3545 641 3583 manu
655 3525 812 3584 lentissima
826 3525 952 3597 brachia,
966 3534 1080 3595 nutans,

355 3606 542 3681 Distorquens
555 3607 662 3678 oculos,
676 3617 709 3663 ut
722 3625 767 3663 me
782 3606 921 3683 eriperet:
943 3602 1016 3661 male
1032 3602 1122 3659 salsus
1267 3605 1308 3662 65

356 3686 469 3743 Ridens
483 3686 677 3744 dissimulare:
699 3705 795 3743 meum
806 3685 888 3761 jecur
902 3703 985 3741 urere
1001 3683 1072 3739 bilis.

355 3765 471 3822 “Certe
485 3765 583 3823 nescio
596 3765 664 3839 quid
678 3776 788 3822 secreto
803 3764 874 3821 velle
884 3764 958 3838 loqui
973 3774 1001 3819 te

355 3844 463 3902 Aiebas
477 3845 618 3902 mecum.'’
656 3843 808 3901 “Memini
823 3843 911 3911 bene3
933 3843 983 3898 sed
998 3840 1107 3898 meliori

355 3923 499 3998 Tempore
513 3924 624 3980 dicam:
646 3922 729 3979 hodie
743 3922 887 3979 tricesima
900 3921 1032 3989 sabbata3
1054 3921 1110 3977 vin'
1126 3930 1156 3977 tu

355 4002 452 4058 Curtis
466 4003 575 4059 Judaeis
588 4001 729 4077 oppedere
740 4002 770 4057 l’'
808 3999 925 4056 “Nulla
940 4000 1038 4071 mihi,''
1061 4001 1186 4074 inquam,
1266 4000 1307 4057 70

356 4086 374 4112 “
384 4081 511 4157 Relligio
525 4082 594 4138 est.'’
630 4085 647 4110 “
661 4079 701 4136 At
715 4080 771 4137 mi:
793 4098 856 4137 sum
871 4077 956 4155 paulo
972 4079 1117 4149 infirmior,
1131 4096 1207 4135 unus

356 4158 511 4217 Multorum
526 4180 531 4218 :
554 4161 701 4237 ignosces;
723 4158 794 4218 alias
807 4160 931 4234 loquar.''
967 4163 985 4189 “
999 4157 1154 4216 Hunccine
1168 4156 1258 4215 solem
