3084 4900
446 902 494 993 Q.
534 898 819 976 HORATll
864 897 1111 974 FLACCI

562 1167 997 1233 EPISTOLARUM

614 1400 719 1449 LIBER
746 1401 942 1451 SECUNDUS.

656 1820 862 1880 EPISTOLA
876 1820 899 1879 1.

664 1959 704 1997 AD
717 1958 890 1999 Aucus'ruu.

322 2062 419 2124 Quum
432 2071 474 2119 tot
487 2060 627 2119 sustineas
641 2071 670 2116 et
683 2070 762 2116 tanta
777 2058 891 2134 negotia
905 2060 990 2131 solus,

322 2140 385 2198 Res
399 2139 485 2197 Italas
498 2140 584 2196 armis
597 2138 705 2209 tuteris,
718 2138 843 2195 moribus
858 2156 951 2210 ornes

322 2219 449 2296 Legibus
462 2220 608 2289 emendes,
623 2216 653 2273 in
667 2216 782 2292 publica
795 2217 945 2274 commoda
958 2236 1088 2293 peccem,

323 2299 355 2356 Si
369 2299 453 2373 longo
467 2316 597 2354 sermone
610 2315 703 2354 morer
717 2306 766 2353 tua
779 2307 916 2372 tempora,
931 2297 1037 2354 Caesar.

361 2376 515 2450 Romulus,
529 2388 558 2433 et
571 2376 657 2432 Liber
670 2385 760 2451 pater,
775 2385 883 2432 etcum
898 2375 1016 2434 Castore
1030 2377 1141 2454 Pollux,
1254 2380 1275 2438 5

322 2457 391 2516 Post
403 2457 532 2534 ingentia
546 2456 629 2527 facta,
643 2457 761 2513 deorum
776 2454 806 2513 in
821 2456 927 2532 templa
940 2458 1057 2533 recepti,

322 2536 399 2594 Dum
413 2547 502 2595 terras
516 2535 719 2610 hominumque
734 2535 833 2594 colunt
846 2555 947 2612 genus,
962 2556 1061 2613 aspera
1074 2537 1149 2594 bella

322 2616 515 2692 componunt,
530 2635 612 2692 agros
625 2616 781 2691 assignant,
796 2615 899 2692 oppida
912 2617 1049 2689 condunt,

322 2695 473 2753 Ploravdre
487 2695 546 2752 suis
560 2714 618 2752 non
632 2695 804 2770 respondere
819 2696 941 2752 favorem

323 2776 473 2850 Speratum
487 2775 605 2832 meritis.
647 2773 746 2832 Diram
761 2774 810 2848 qui
825 2774 956 2832 contudit
970 2775 1099 2850 hydram,
1239 2776 1275 2834 10

322 2853 458 2929 Notaque
473 2854 549 2912 fatali
562 2863 692 2929 portenta
706 2854 802 2910 labore
816 2853 938 2927 subegit,

322 2933 469 3009 Comperit
482 2934 617 2990 invidiam
632 2950 764 3008 supremo
778 2930 834 2988 fine
849 2932 965 2988 domari.

322 3011 386 3069 Urit
399 3012 476 3069 enim
491 3012 598 3086 fulgore
613 3030 675 3083 suo,
689 3011 736 3085 qui
750 3021 907 3084 praegravat
921 3022 996 3067 artes

322 3089 402 3147 Infra
415 3110 445 3147 se
458 3091 579 3166 positas:
602 3090 759 3146 exstinctus
773 3088 913 3145 amabitur
927 3089 1012 3146 idem.

322 3169 458 3227 Praesenti
472 3169 523 3226 tibi
537 3179 662 3225 maturos
676 3167 812 3242 largimur
827 3168 957 3239 honores,

321 3247 341 3303 J
343 3249 521 3323 urendasque
535 3256 614 3303 tuum
628 3266 678 3322 per
692 3265 797 3303 nomen
812 3247 943 3321 ponimus
957 3268 1030 3320 aras,

322 3326 373 3384 Nil
387 3327 524 3384 oriturum
539 3323 618 3396 alias
634 3326 673 3382 nil
688 3337 780 3383 ortum
795 3325 851 3382 tale
867 3326 995 3384 fatentes,

323 3406 381 3463 Sed
395 3416 460 3462 tuus
474 3406 521 3462 hic
534 3405 664 3480 populus,
679 3405 793 3481 sapiens
807 3416 836 3463 et
847 3405 939 3481 justus
954 3407 983 3462 in
998 3426 1066 3480 uno,

322 3484 368 3541 Te
383 3485 486 3542 nostris
501 3484 631 3556 ducibus,
646 3495 673 3541 te
687 3484 782 3541 Graiis
796 3485 988 3557 anteferenda,

323 3563 435 3621 Caetera
448 3563 627 3638 nequdquam
642 3565 726 3622 simili
741 3565 850 3622 ratione
864 3566 1004 3638 modoque

323 3643 458 3701 AEstimat
466 3663 473 3712 ;
495 3654 533 3715 et,
547 3643 602 3699 nisi
616 3662 678 3718 quae
692 3644 774 3700 terris
789 3655 897 3700 semota
910 3644 1024 3717 suisque

323 3722 514 3798 Temporibus
528 3723 664 3779 defuncta
678 3723 763 3794 videt,
780 3723 885 3779 fastidit
898 3733 927 3778 et
941 3722 1017 3778 odit:

323 3802 373 3858 Sic
387 3802 478 3859 fautor
493 3812 627 3873 veterum,
642 3813 674 3858 ut
688 3802 798 3858 tabulas
811 3818 931 3876 peccare
945 3811 1082 3873 vetantes,

322 3881 406 3941 Quas
420 3880 463 3937 bis
478 3881 602 3956 quinque
616 3880 668 3936 viri
682 3891 846 3949 sanxerunt,
862 3879 968 3935 foedera
981 3896 1082 3956 regum

323 3959 378 4016 Vel
391 3958 491 4016 Gabiis
504 3960 551 4016 vel
563 3979 628 4016 cum
643 3958 741 4035 rigidis
756 3969 866 4032 aequata
880 3957 1004 4031 Sabinis,
1233 3959 1278 4020 25

323 4037 494 4096 Pontificum
508 4038 604 4110 libros,
619 4056 727 4094 annosa
740 4037 885 4094 volumina
897 4049 1004 4110 vatum,

324 4116 444 4176 Dictitet
458 4117 573 4175 Albano
587 4117 686 4174 Musas
701 4116 731 4174 in
745 4129 842 4176 monte
856 4116 974 4174 locutas.
