3084 4900
589 599 797 649 SATIRARUM
815 600 881 649 ΗΒ.
899 602 936 651 11.
953 604 977 651 ὅ.

319 746 420 805 Persta
434 755 517 820 atque
531 744 650 817 obdura,
664 763 715 801 seu
729 745 815 802 rubra
829 744 971 804 Canicula
984 745 1073 805 lindet

319 825 450 883 Infantes
464 834 580 896 statuas,
592 843 643 880 seu
657 824 756 900 pingui
771 834 867 882 tentus
880 844 978 883 omaso

319 904 426 962 Furius
440 903 573 961 hibernas
589 904 662 961 cana
676 903 741 960 nive
755 914 895 979 conspuet
915 905 1012 980 Alpes.

320 988 339 1014 “
349 983 456 1041 Nonne
470 983 577 1055 tides,”
594 982 694 1057 aliquis
709 982 806 1040 cubito
820 994 943 1040 stantem
957 981 1044 1059 prope
1060 995 1182 1061 tangens

320 1062 445 1137 Inquiet,
458 1067 475 1092 “
486 1072 518 1117 ut
531 1062 655 1137 patiens!
677 1072 709 1118 ut
724 1062 824 1119 amicis
838 1064 935 1138 aptus!
958 1073 990 1120 ut
1003 1082 1068 1121 acer
1080 1064 1106 1121 l”

320 1142 421 1200 Plures
435 1141 582 1197 annabunt
596 1139 709 1213 thunni‚
724 1151 752 1197 et
766 1142 873 1198 cetaria
886 1152 1025 1199 crescent,

322 1222 354 1279 si
368 1220 415 1277 cui
429 1231 564 1296 praeterea
578 1220 686 1276 validus
701 1217 776 1277 male
791 1220 866 1277 lilius
880 1220 910 1277 in
923 1240 954 1278 re

320 1300 462 1358 Praeclarb
476 1299 603 1357 sublatus
618 1300 724 1369 aletur3
746 1319 783 1356 ne
798 1300 980 1357 manifestum

320 1379 437 1436 Caelibis
450 1379 618 1454 obsequium
632 1380 722 1436 nudet
735 1389 774 1452 te,
788 1378 890 1436 leniter
903 1380 933 1437 in
947 1399 1027 1455 spem

321 1461 431 1534 Arrepe
444 1458 596 1530 officiosus,
611 1469 643 1516 ut
656 1468 685 1515 et
698 1460 823 1515 scribare
837 1461 981 1516 secundus

320 1538 432 1610 Haeres,
446 1548 483 1610 et,
498 1538 522 1595 si
536 1538 598 1613 quis
612 1556 697 1594 casus
709 1556 831 1613 puerum
844 1539 935 1614 egerit
947 1537 1035 1611 Orco,

320 1617 357 1675 In
371 1635 493 1673 vacuum
508 1618 620 1674 venias:
642 1614 757 1693 perrari)
772 1618 834 1688 haec
848 1617 910 1674 alea
924 1617 1003 1675 fallit.

320 1696 382 1758 Qui
393 1705 594 1754 testamentum
608 1696 701 1754 tradet
714 1696 766 1752 tibi
781 1715 894 1771 cunque
908 1696 1074 1771 legendum,

322 1777 459 1834 Abnuere
473 1786 503 1833 et
515 1776 627 1832 tabulas
641 1795 658 1831 a
672 1787 700 1832 te
714 1793 859 1833 removere
873 1784 1035 1832 memento:

322 1856 373 1912 Sic
386 1865 482 1912 tamen
497 1865 529 1913 ut
542 1855 617 1912 limis
628 1855 721 1929 rapias
735 1855 804 1929 quid
818 1854 909 1930 prima
923 1853 1050 1912 secundo

321 1934 397 1991 Cera
410 1934 476 1992 velit
489 1953 588 2004 versu3
610 1933 686 1990 solus
700 1934 834 1990 multisne
849 1934 985 2005 colraeres,

320 2012 421 2071 Veloci
435 2032 568 2089 percurre
582 2012 674 2071 oculo.
715 2013 886 2088 Plerumque
900 2023 1031 2069 recoctus

322 2093 423 2150 Scriba
437 2112 473 2150 ex
485 2092 683 2168 Quinqueviro
697 2111 813 2150 corvum
827 2092 945 2150 deludet
958 2092 1094 2165 hiantem,

321 2170 511 2247 Captatorque
526 2172 604 2228 dabit
617 2172 691 2229 risus
705 2171 813 2229 Nasica
828 2172 950 2230 Corano.

716 2323 836 2355 ULYSSES.

320 2406 402 2466 Num
416 2408 505 2467 furisl
519 2426 556 2466 au
569 2408 694 2485 prudens
707 2409 782 2467 ludis
796 2427 841 2466 nre
855 2408 977 2468 obscura
990 2408 1142 2469 canendol

713 2558 846 2591 TIRESIAS.

321 2646 350 2704 Ο
364 2645 525 2719 Laertiade,
540 2646 676 2722 quidquid
692 2646 796 2717 dicam,
811 2644 936 2716 noterit,
951 2652 1087 2702 autnon:

321 2725 458 2785 Divinare
472 2726 579 2784 etenim
593 2743 715 2802 magnus
729 2724 799 2780 mihi
813 2725 900 2780 donat
913 2723 1024 2799 Apollo.

717 2873 835 2906 ULYSSES.

319 2961 402 3023 Quid
415 2972 512 3020 tamen
526 2961 579 3018 ista
592 2961 659 3019 velit
671 2961 725 3019 sibi
740 2961 845 3034 fabula,
859 2960 970 3033 silicet,
984 2959 1047 3018 ede.

708 3111 841 3144 Tramas,

321 3195 466 3273 Tempore
480 3218 535 3274 quo
546 3198 659 3274 juvenis
672 3198 785 3256 Parthis
799 3199 967 3272 horrendus,
981 3199 1017 3256 ab
1031 3198 1087 3256 alto

321 3274 484 3333 Demissum
499 3297 590 3353 genus
604 3278 709 3349 AEneb,
723 3279 823 3336 tellure
837 3278 964 3352 marique

321 3353 447 3430 Magnus
461 3357 523 3427 erit,
538 3357 601 3413 forti
615 3357 704 3414 nubet
716 3375 835 3432 procera
846 3357 959 3414 Corano

321 3432 396 3490 Filia
409 3433 535 3507 Nasicae,
550 3436 701 3492 metuentis
716 3434 834 3491 reddere
848 3434 967 3491 soldum.

321 3511 400 3569 Tum
414 3533 502 3588 gener
517 3517 570 3571 hoc
585 3515 687 3581 faciet;
709 3513 819 3569 tabulas
833 3531 931 3569 socero
945 3511 1033 3584 dabit,
1048 3521 1131 3588 atque

320 3591 360 3648 Ut
372 3593 448 3668 legat
460 3594 567 3650 orabit:
590 3589 711 3649 multum
725 3590 834 3647 Nasica
848 3601 965 3665 negatas

321 3670 455 3746 Accipiet
468 3674 584 3730 tandem
598 3683 627 3727 et
641 3670 743 3726 tacitus
757 3669 851 3743 leget;
873 3668 1054 3743 invenietque

320 3748 370 3806 Nil
386 3751 438 3807 sibi
453 3752 588 3828 legatum,
602 3759 703 3826 praeter
713 3748 833 3824 plorare,
848 3747 970 3821 suisque.

320 3826 396 3885 Illud
411 3830 446 3885 ad
461 3831 523 3887 haec
535 3831 637 3907 jubeo:
658 3828 760 3884 mulier
774 3827 798 3883 si
813 3824 883 3885 sorte
898 3826 996 3884 dolosa
1233 3827 1272 3884 70

320 3906 487 3966 Libertusve
501 3930 598 3967 senem
613 3909 733 3966 delirum
746 3916 893 3981 temperet,
908 3906 963 3963 illis

320 3988 454 4044 Accedes
469 3990 577 4058 socius;
599 3988 707 4058 laudes,
720 3987 846 4045 lauderis
860 3997 892 4043 ut
905 3986 1017 4042 absens.

320 4065 463 4139 Mesene,
478 4069 552 4142 quod
567 4069 671 4140 dicam,
686 4068 793 4124 factum
808 4077 867 4122 est:
889 4065 973 4122 Anus
986 4062 1115 4145 improba
1127 4060 1239 4122 Thebis

319 4145 365 4203 Ex
379 4155 553 4202 testamento
565 4145 607 4201 sic
619 4155 663 4202 est
673 4145 767 4203 elata:
786 4146 907 4202 cadaver

521 4228 559 4284 12
