3084 4900
580 617 787 669 samaraeum
805 619 871 669 ura.
888 621 925 670 11.
942 624 966 671 a
1218 629 1275 689 139

323 762 488 839 Dumque
503 761 628 840 Crispini
642 762 740 823 docuit
753 782 800 821 me
811 762 926 840 janitor,
940 765 1004 825 edo.
1233 770 1274 829 45

323 847 341 874 “
351 842 419 900 Non
428 861 491 899 sum
503 843 660 915 moechus,”
673 844 723 900 ais.
754 843 857 918 Neque
868 863 932 919 ego,
943 845 1070 921 hercule,
1079 847 1133 923 sur,
1144 847 1194 907 ubi
1207 866 1275 908 vase

322 921 464 980 Praetereo
478 922 592 997 sapiens
606 929 749 998 argentea.
791 922 875 980 Tolle
889 923 1037 1000 periclum,

250 1000 471 1137 wega
484 1001 610 1075 prosiliet
624 1002 719 1071 fraenis
733 1012 835 1059 natura
848 1002 971 1060 remotis.

353 1099 410 1137 une
421 1080 490 1136 mihi
505 1080 647 1153 dominus,
663 1100 757 1137 rerum
772 1081 898 1157 imperiis
911 1082 1115 1161 hominumque

322 1158 382 1218 Tot
395 1159 536 1234 tantisque
550 1159 652 1232 minor,
666 1178 750 1234 quern
766 1170 809 1217 ter
822 1160 948 1218 vindicta
961 1172 1116 1239 quaterque
1233 1165 1275 1225 50

322 1237 460 1314 Imposita
474 1239 549 1294 haud
563 1256 688 1313 unquam
702 1239 806 1296 miserti
821 1239 970 1297 formidine
983 1241 1094 1317 privetl

323 1317 408 1374 Adde
423 1337 517 1393 super,
529 1317 613 1374 dictis
626 1317 701 1392 quod
715 1337 773 1375 nou
786 1315 876 1379 levius
890 1320 997 1378 valeat:
1018 1340 1086 1379 nam

323 1396 389 1453 Sive
403 1397 525 1454 vicarius
539 1406 591 1468 est,
606 1396 654 1470 qui
668 1416 748 1455 servo
762 1409 851 1472 paret,
866 1395 907 1455 uti
922 1418 984 1457 mos

321 1475 423 1534 Vester
437 1476 485 1548 ait,
500 1494 551 1533 seu
565 1494 734 1546 conservus3
755 1477 807 1533 tibi
821 1478 887 1552 quid
902 1497 966 1535 sum
980 1479 1054 1555 egol
1093 1478 1208 1558 Nempe

322 1554 381 1626 Tu,
395 1555 466 1612 mihi
478 1556 526 1631 qui
541 1554 694 1630 imperitas,
711 1555 774 1612 aliis
788 1557 875 1613 servis
888 1557 984 1631 miser,
1000 1569 1083 1634 atque
1234 1560 1274 1618 55

321 1633 444 1692 Duceris
457 1647 489 1692 ut
502 1634 597 1691 nervis
611 1634 711 1691 alienis
725 1635 829 1692 mobile
842 1636 961 1710 lignum.

321 1713 468 1775 Quisnam
481 1714 567 1790 igitur
581 1714 673 1771 libert
695 1714 825 1791 Sapiens,
839 1714 893 1771 sibi
907 1715 956 1789 qui
970 1714 1154 1793 imperiosum
1183 1758 1185 1760 -

321 1792 420 1854 Quem
434 1812 526 1867 neque
540 1793 699 1869 pauperies,
714 1812 807 1867 neque
821 1812 905 1865 mors,
917 1812 1009 1869 neque
1023 1795 1136 1853 vincula
1148 1805 1256 1854 terrent
1264 1816 1271 1867 ;

321 1870 504 1947 Responsare
518 1872 710 1948 cupidinibus
725 1883 908 1930 contemnere
922 1873 1044 1930 honores

321 1949 425 2025 Fortis,
440 1952 511 2009 etin
526 1953 618 2027 seipso
633 1962 717 2024 totus,
731 1962 806 2008 teres
820 1962 904 2026 atque
918 1952 1065 2026 rotundus,
1233 1954 1273 2012 60

322 2029 440 2088 Externi
454 2031 572 2106 nequid
586 2031 676 2088 valeat
690 2050 739 2107 per
753 2031 814 2088 leve
829 2031 950 2102 morari;

321 2108 357 2166 In
371 2128 456 2185 quem
470 2129 573 2167 manca
587 2111 643 2167 ruit
657 2130 767 2186 semper
782 2110 916 2167 Fortuna.
958 2111 1080 2169 Potesne

321 2187 367 2246 Ex
380 2189 425 2246 his
438 2201 470 2246 ut
482 2190 625 2265 proprium
639 2191 706 2265 quid
722 2191 861 2248 noscerel
900 2190 1039 2266 Quinque
1052 2191 1160 2249 talenta

321 2267 418 2326 Poscit
430 2280 459 2326 te
473 2270 584 2340 mulier,
599 2281 690 2342 vexat,
706 2270 867 2345 foribusque
881 2270 1026 2345 repulsum

321 2346 470 2405 Perfundit
481 2348 593 2424 gelide:
616 2368 713 2405 rursus
727 2360 816 2407 vocat.
858 2348 945 2425 Eripe
958 2349 1034 2426 turpi
1232 2349 1272 2407 65

321 2425 403 2485 Colla
413 2428 498 2504 jugo:
521 2432 538 2458 “
549 2428 644 2500 Liber,
659 2428 730 2486 liber
745 2429 836 2500 sum,”
852 2428 900 2485 dic
914 2447 974 2505 age.
1016 2428 1085 2486 Non
1099 2427 1180 2506 quis3

321 2505 409 2583 Urget
423 2509 500 2564 euim
514 2508 646 2564 dominus
660 2520 786 2564 mentem
800 2526 858 2564 uon
869 2507 951 2579 leuis,
965 2519 994 2566 et
1007 2526 1089 2566 acres

322 2587 705 2662 Subjectatlassostimu10S‚
720 2596 866 2660 versatque
880 2597 1043 2662 negantem.

320 2665 385 2738 Vel,
399 2685 487 2742 quum
501 2664 641 2721 Pausiaci
656 2675 758 2739 torpes,
775 2664 884 2735 insane,
898 2665 1012 2736 tabella,

319 2743 382 2806 Qui
396 2763 502 2821 peccas
516 2740 612 2799 minius
627 2755 710 2817 atque
721 2762 785 2819 ego,
799 2761 886 2818 quum
901 2742 985 2800 Fulvi
999 2742 1193 2820 Rutubaeque,
1232 2744 1272 2802 70
1321 2737 1324 2752 ¹

320 2824 380 2881 Aut
393 2818 570 2880 Placideiani
586 2833 719 2879 contento
732 2823 837 2898 poplite
851 2822 937 2880 miror
1233 2841 1238 2848 ·

320 2902 433 2975 Proelia,
447 2901 561 2958 rubricis
575 2903 651 2977 picta
666 2913 715 2959 aut
728 2903 868 2972 carbone;
890 2902 965 2959 velut
978 2901 1003 2960 si

320 2981 367 3039 Re
382 2985 448 3039 veri
462 2993 600 3058 pugnent,
616 2982 717 3039 feriant
731 2983 874 3058 vitentque
889 2991 1035 3039 moventes

320 3062 410 3118 Arma
423 3061 493 3117 viril
535 3060 666 3137 Nequam
681 3072 709 3119 et
723 3072 847 3118 cessator
861 3060 960 3118 Davus
968 3081 976 3132 ;
998 3071 1027 3119 at
1039 3059 1101 3139 ipse

320 3141 439 3198 Subtilis
453 3152 579 3197 veterum
591 3142 679 3217 judex
693 3151 722 3198 et
734 3138 856 3198 callidus
870 3140 960 3198 audis.
1231 3141 1271 3198 75

319 3219 349 3275 N
352 3220 370 3276 il
385 3240 448 3296 ege,
463 3221 487 3276 si
501 3220 589 3277 ducor
603 3221 660 3299 libo
674 3221 817 3278 fumante:
839 3221 890 3278 tibi
904 3220 1006 3297 ingens

320 3300 419 3357 Virtus
433 3310 516 3375 atque
531 3300 644 3359 animus
657 3300 747 3357 coenis
761 3311 908 3376 responsat
920 3299 1032 3375 opimis.

319 3377 498 3453 Obsequium
513 3379 618 3435 ventris
632 3379 702 3435 mihi
716 3379 904 3453 perniciosius
917 3389 976 3435 est:
998 3377 1069 3435 curl

319 3457 417 3535 Tergo
431 3459 539 3534 plector
554 3459 639 3514 enim.
680 3456 743 3518 Qui
757 3468 788 3514 tu
803 3456 968 3531 impunitior
981 3456 1040 3527 illa,

318 3537 395 3598 Quae
410 3556 495 3612 par-vo
510 3536 583 3593 sumi
598 3545 754 3610 nequeunt,
769 3554 857 3608 quum
870 3534 990 3590 obsonia
1003 3533 1121 3608 captasl
1232 3531 1273 3590 80

318 3615 431 3691 Nempe
445 3616 657 3672 inamarescunt
670 3613 760 3687 epulae
775 3613 837 3668 siue
851 3612 908 3668 fine
921 3611 1028 3687 petitur,

319 3694 457 3769 Illusique
472 3696 559 3772 pedes
573 3694 704 3750 vitiosum
720 3692 792 3748 ferre
806 3701 942 3747 recusant

318 3775 438 3851 Corpus.
480 3775 528 3830 Au
543 3773 590 3830 bic
604 3783 715 3848 peccat,
730 3772 784 3827 sub
797 3780 911 3828 noctem
924 3767 973 3845 qui
985 3786 1056 3845 puer
1069 3785 1154 3828 uvam

319 3855 465 3911 Furtivam
480 3863 570 3910 mutat
584 3851 707 3928 strigilil
727 3850 776 3926 qui
788 3848 896 3925 praedia
909 3849 1016 3920 vendit,

317 3934 369 3993 Nil
384 3933 494 4004 servile,
508 3933 582 4008 gule
596 3950 708 4006 parens,
723 3930 829 3988 habeti
869 3929 965 4002 Adde,
979 3923 1057 4003 qubd
1070 3923 1148 3984 idem
1232 3922 1274 3984 85

318 4015 387 4072 Non
401 4014 499 4070 horam
513 4022 610 4068 tecum
624 4029 687 4068 esse
701 4021 798 4086 potes3
820 4028 878 4067 non
891 4007 950 4066 otiu
962 4003 1042 4065 recte

317 4091 446 4163 Ponere3
468 4102 553 4166 teque
568 4091 662 4167 ipsum
675 4089 756 4162 vitas,
771 4087 907 4167 fugitivus
920 4097 952 4146 ut
965 4104 1039 4160 erro,
