3084 4900
610 578 641 634 Q.
659 575 806 626 HORATII
823 575 947 626 FLACCI

693 793 868 827 numesu’t’um

324 878 427 941 Quidt
448 890 534 956 oeput
547 880 705 937 abscissum
719 881 839 937 demens
852 898 938 955 quum
952 888 1045 954 portet
1059 878 1159 956 Agere

325 959 413 1017 Gnuti
427 958 559 1032 infelicis,
573 959 627 1016 sibi
638 971 699 1017 tum
714 959 819 1017 furiosa
829 958 960 1015 videtur?

707 1110 853 1143 Romulus.

327 1196 451 1255 Stultum
465 1216 511 1254 me
525 1196 623 1269 fateor,
637 1196 722 1253 lioeat
735 1196 894 1253 concedere
908 1195 991 1268 veris,
1187 1228 1190 1233 -
1218 1196 1278 1255 304

327 1279 422 1352 Atque
437 1275 522 1332 etiam
537 1278 685 1359 insenum3
707 1272 819 1332 tantum
833 1275 888 1332 hoo
901 1275 1036 1349 edissere,
1049 1294 1106 1351 quo
1119 1294 1166 1333 me

327 1355 477 1432 AEgroture
490 1365 572 1429 putes
586 1354 674 1414 animi
688 1354 763 1411 vitio.

693 1505 869 1538 DAMASIPPUS.

801 1592 930 1668 Accipe:
951 1588 1075 1669 primdm

328 1672 476 1745 AEdifioes,
491 1674 545 1731 hoo
559 1683 611 1745 est,
625 1672 724 1748 longos
738 1672 866 1743 imitaris,
881 1671 988 1728 altimo

327 1753 375 1810 Ad
390 1772 532 1809 summum
545 1763 621 1811 totus
635 1751 742 1809 moduli
757 1751 910 1827 bipedalis3
932 1761 960 1807 et
974 1751 1051 1808 idem

328 1832 453 1908 Corpore
466 1832 602 1908 majorem
618 1832 693 1888 rides
707 1830 854 1887 Turbonis
868 1830 897 1886 in
911 1829 997 1886 armis

328 1912 465 1987 Spiritum
478 1922 507 1968 et
521 1912 684 1969 incessum:
705 1908 753 1984 qui
767 1909 905 1967 ridiculus
918 1906 1014 1965 minus
1028 1907 1095 1966 iltot
1218 1908 1278 1965 310

328 1989 387 2062 An,
419 1991 591 2065 uodounque
606 1989 673 2046 facit
686 1988 842 2059 Maeoenas,
857 2000 885 2046 te
898 2007 1012 2064 quoque.
1023 2006 1119 2045 verum
1132 1996 1186 2060 est,

328 2068 425 2127 Tanto
439 2069 604 2126 dissimilem
619 2078 647 2124 et
660 2064 740 2124 tantd
755 2078 864 2123 certare
878 2067 1036 2124 minorem?

328 2148 466 2204 Absentis
480 2166 556 2204 runae
568 2147 651 2222 pullis
666 2146 743 2202 vituli
757 2146 830 2220 pede
841 2146 954 2220 pressis,

328 2225 411 2283 Unus
424 2226 472 2282 ubi
486 2226 594 2301 effugit,
609 2224 691 2281 matri
705 2225 838 2282 denarrat
852 2235 883 2279 ut
896 2224 998 2300 ingens

328 2305 428 2361 Bellua
441 2315 577 2380 cognatos
590 2303 704 2361 eliserit.
745 2301 800 2359 Ilia
813 2322 922 2377 rogare,
1218 2302 1279 2360 315

328 2388 347 2414 “
356 2382 532 2445 Quantanot
546 2401 615 2440 num
625 2383 769 2455 tandem,”
783 2402 813 2439 se
825 2381 936 2453 inflans,
948 2381 966 2412 “
974 2382 1016 2439 sio
1024 2400 1130 2458 magno
1137 2379 1236 2438 suisset
1243 2381 1275 2438 t”

329 2462 452 2540 “Major
466 2462 610 2521 dimidiof’
653 2468 671 2493 “
681 2462 760 2519 Num
775 2460 855 2521 tantd
865 2463 895 2520 t”
910 2462 1011 2523 Quum
1024 2458 1213 2538 magistroque

329 2544 368 2600 Se
382 2540 473 2619 magis
487 2542 598 2600 inflaret
606 2563 613 2613 ;
635 2547 653 2574 “
664 2542 741 2614 Non,
756 2542 780 2598 si
793 2554 822 2600 te
835 2541 972 2617 ruperis,''
989 2541 1089 2617 inquit,

329 2628 347 2653 “
358 2622 413 2680 Par
424 2623 507 2680 eris.''
549 2623 623 2680 Haeo
637 2642 654 2680 a
666 2633 695 2680 te
709 2642 766 2680 non
781 2619 903 2680 multirm
917 2621 1025 2680 abludit
1038 2621 1140 2696 imago.

329 2702 415 2759 Adde
429 2706 562 2777 poemata
575 2721 663 2774 nunc,
678 2703 733 2760 hoo
746 2712 800 2774 est,
813 2702 909 2760 oleum
923 2702 996 2759 adde
1011 2701 1143 2759 camino:
1221 2697 1281 2756 ³20

329 2780 406 2842 Qum
419 2780 444 2838 si
457 2781 520 2856 quis
533 2800 620 2839 sanus
635 2781 711 2852 seoit,
725 2800 812 2838 senus
827 2780 896 2838 saois
909 2791 938 2837 et
951 2791 991 2838 tu.

329 2859 398 2918 Non
413 2859 479 2919 dieo
493 2860 663 2918 horrendam
680 2859 845 2917 rabiem...

709 3029 855 3063 uouemus,

883 3114 948 3173 Jem
963 3114 1069 3188 desine.

698 3286 874 3320 nemestrrus.

330 3432 470 3512 Majorem
483 3452 573 3493 censu
584 3477 591 3492 .
603 3477 610 3491 .
622 3476 630 3492 .

714 3563 860 3596 nolumus.

686 3650 813 3722 Teneas,
827 3649 1009 3726 Damasippe,
1023 3646 1080 3707 tuis
1092 3656 1131 3706 te.

331 3726 361 3789 0
373 3728 462 3810 major
475 3731 591 3789 tandem
604 3748 705 3807 pereas
719 3730 819 3788 insane
833 3728 943 3786 minori.
