3084 4900
320 605 376 664 160
646 602 677 658 Q.
694 600 841 650 Hoaarn
857 600 981 650 rancor

358 743 408 803 Me
422 751 551 803 constare
565 744 635 803 mihi
649 745 715 818 scis,
729 755 758 802 et
772 743 920 801 discedere
934 743 1053 817 tristem,

357 824 598 900 Quandoeunque
612 826 728 882 trabunt
741 824 831 880 invisa
844 824 960 899 negotia
973 824 1106 881 Romam

357 903 426 961 Non
440 905 540 961 eadem
556 904 707 973 miramur;
729 900 764 961 ed
778 903 955 960 disconvenit
968 903 1041 959 inter

357 980 463 1057 Meque
477 994 506 1040 et
519 995 563 1039 te:
584 1002 661 1053 nam,
675 1001 738 1057 quae
752 981 863 1038 deserta
877 991 906 1037 et
920 981 1060 1056 inhospita
1073 991 1173 1057 tesqua

357 1060 469 1134 Credis,
485 1081 596 1118 amoena
609 1073 690 1119 vocat
704 1079 817 1118 mecum
831 1059 878 1133 qui
893 1060 988 1131 sentit,
1003 1070 1032 1117 et
1044 1060 1105 1118 odit

359 1142 436 1203 Quae
449 1154 480 1200 tu
493 1141 612 1217 pulchra
624 1150 715 1214 putas.
756 1138 864 1196 Fornix
877 1137 928 1194 tibi
942 1148 971 1195 et
985 1150 1073 1197 uncta
1085 1138 1190 1217 popina

357 1222 507 1280 Incutiunt
520 1219 598 1275 urbis
612 1218 793 1288 desiderium,
808 1217 904 1285 video;
925 1228 954 1273 et
967 1214 1043 1291 quod

360 1301 491 1375 Angulus
505 1299 559 1355 iste
573 1298 643 1353 feret
657 1296 736 1371 piper
750 1306 779 1352 ct
792 1296 858 1352 thus
871 1293 953 1353 coitis
967 1297 1039 1366 uvit;

357 1380 423 1437 Nec
436 1377 531 1433 vicina
544 1376 650 1447 subest,
664 1376 761 1431 vinum
775 1375 900 1449 praebere
914 1375 1033 1432 taberna

356 1458 433 1520 Quae
447 1456 534 1532 possit
546 1455 597 1511 tibi
609 1474 615 1522 ;
637 1472 692 1510 uec
707 1453 839 1510 meretrix
852 1454 980 1526 tibicina,
995 1454 1077 1530 cujus

356 1539 406 1594 Ad
420 1535 565 1609 strepitum
580 1533 663 1590 salias
677 1545 758 1589 terrae
769 1534 870 1608 gravis.
911 1533 949 1590 Et
962 1545 1057 1590 tamen
1072 1552 1157 1609 urges

357 1614 533 1689 Jampridem
547 1632 605 1669 non
619 1623 695 1669 tacta
708 1612 851 1687 ligonibus
866 1632 939 1685 arva,
954 1613 1110 1687 bovemque

358 1694 541 1770 Disjunctum
555 1711 648 1763 curas,
664 1704 693 1748 et
706 1691 811 1749 strictis
825 1692 971 1749 frondibus
983 1691 1094 1768 exples:

358 1772 449 1830 Addit
462 1791 533 1846 opus
546 1771 627 1846 pigro
641 1770 726 1841 rivuS,
741 1770 765 1826 si
780 1770 887 1827 decidit
901 1771 1000 1841 imber,

358 1851 451 1910 Multa
464 1850 538 1908 mole
553 1850 699 1908 docendus
713 1849 809 1924 aprico
821 1869 937 1925 parcere
951 1861 1038 1925 prato.

397 1931 495 2002 Nunc,
508 1949 570 2005 age,
584 1929 652 2003 qnid
666 1940 793 1985 nostrum
808 1939 978 1985 concentum
993 1928 1108 2002 dividat,
1124 1928 1200 1987 audi.

357 2009 456 2071 Quem
469 2019 570 2065 tennes
584 2006 708 2064 decuere
722 2019 796 2081 togae
810 2008 949 2081 nitidique
963 2006 1068 2081 capilli,

358 2088 456 2150 Quem
470 2085 545 2144 nosti
560 2086 687 2142 bibulum
701 2086 797 2142 media
811 2086 847 2141 de
861 2086 925 2142 luce
939 2084 1064 2158 Falerni,

358 2167 449 2224 Coena
463 2166 554 2222 brevis
565 2166 653 2239 juvat,
667 2174 696 2219 et
709 2183 795 2239 prope
809 2164 899 2219 rivum
914 2184 1030 2221 somnus
1044 2164 1074 2221 in
1089 2164 1194 2224 herbd:

358 2245 388 2302 N
390 2264 424 2302 ec
438 2246 538 2301 lusisse
552 2243 649 2319 pudet,
665 2242 715 2297 sed
729 2261 787 2299 non
802 2242 928 2298 incidere
942 2242 1050 2300 ludum.

357 2324 425 2381 Non
440 2324 525 2380 isthic
538 2321 651 2396 obliquo
664 2321 748 2378 oculo
761 2340 826 2377 mea
839 2324 989 2379 commoda
1002 2322 1150 2399 quisquam

358 2403 468 2473 Limat3
490 2421 548 2459 non
562 2402 628 2459 odio
640 2400 761 2459 obscuro
775 2418 925 2476 morsuque
940 2413 1069 2461 venenat.

358 2484 470 2541 Rident
483 2481 568 2538 vicini
581 2481 678 2556 glebas
692 2492 720 2538 et
734 2499 804 2537 saxa
817 2491 985 2539 moventem.

359 2562 434 2619 Cum
449 2562 536 2619 servis
549 2561 658 2617 urbana
673 2560 762 2617 diaria
775 2561 874 2617 rodere
889 2561 977 2617 mavis
989 2580 996 2628 ;

359 2641 470 2699 Horum
485 2651 516 2698 tu
530 2641 559 2697 in
574 2659 722 2696 numerum
738 2650 802 2697 voto
815 2640 882 2696 ruis.
924 2638 1037 2696 Invidet
1050 2657 1134 2696 usum

359 2720 516 2796 Lignorum
530 2732 558 2776 et
571 2720 681 2794 pecoris
695 2719 746 2775 tibi
760 2719 823 2775 calo
836 2729 952 2794 argutus
965 2730 994 2775 et
1007 2717 1088 2775 horti.

359 2797 448 2874 Optat
461 2799 592 2875 ephippia
606 2799 656 2855 bos
669 2798 764 2873 piger;
785 2807 863 2872 optat
878 2816 956 2854 arare
970 2796 1105 2854 caballus.

357 2876 456 2940 Quam
470 2879 524 2935 scit
538 2888 665 2951 uterque,
678 2876 780 2947 libens,
794 2876 928 2948 censebo,
943 2885 1075 2932 exerceat
1089 2884 1186 2932 artem.

659 3187 864 3246 EPISTOLA
884 3187 952 3246 XV.

641 3323 681 3363 ΑΙ)
695 3325 862 3365 NUMONIUM
875 3323 984 3363 VALAM.

356 3429 448 3490 QUAE
463 3426 499 3485 sit
513 3426 605 3483 hiems
618 3424 718 3499 Velie,
732 3426 808 3499 quod
822 3426 936 3498 coelum,
950 3425 1034 3498 Vale,
1049 3425 1171 3499 Salerni,

357 3508 491 3569 Quorum
505 3505 652 3563 hominum
667 3505 755 3581 regio,
769 3517 798 3563 et
812 3506 902 3581 qualis
912 3507 976 3563 via:
999 3504 1080 3579 (nam
1093 3505 1163 3562 mihi
1177 3504 1263 3564 Baias

358 3586 443 3643 Musa
455 3603 643 3661 supervacuas
657 3585 812 3658 Antonius,
827 3596 856 3642 et
869 3596 964 3642 tamen
979 3584 1034 3640 illis

358 3665 409 3722 Me
423 3665 490 3722 facit
504 3665 635 3735 invisum,
650 3665 745 3739 gelida
758 3683 846 3738 quum
859 3664 972 3738 perluor
986 3661 1065 3718 unda

358 3745 412 3803 Per
427 3744 553 3800 medium
568 3743 671 3817 frigus:
694 3740 763 3799 sane
779 3752 899 3816 myrteta
912 3740 1042 3815 relinqui,

358 3821 500 3897 Dictaque
514 3832 672 3878 cessantem
688 3821 782 3877 nervis
795 3820 900 3877 elidere
914 3820 1044 3875 morbum

359 3902 501 3976 Sulphura
514 3899 669 3969 contemni,
683 3899 762 3955 vicus
776 3898 874 3972 gemit,
890 3897 1001 3953 invidus
1015 3897 1097 3974 aegris

358 3980 420 4041 Qui
434 3992 519 4054 caput
533 3989 562 4035 et
575 3979 750 4034 stomachum
766 3995 923 4051 supponere
938 3976 1062 4033 fontibus
1075 3978 1183 4034 audent

359 4059 495 4128 Clusinis,
510 4057 671 4131 Gabiosque
685 4067 785 4131 petunt
799 4067 827 4111 et
841 4055 940 4130 frigida
955 4074 1036 4113 rura:

359 4135 517 4194 Mutandus
530 4137 610 4195 locus
624 4146 676 4208 est,
690 4146 719 4192 et
732 4134 885 4192 diversoria
899 4145 965 4193 uota
