3084 4900
316 606 374 665 teo
640 603 671 658 Q.
690 602 836 651 Honaru
854 602 977 651 snaccr

351 744 425 815 Nec,
442 744 631 820 quodcunque
646 746 728 817 volet,
739 756 838 821 poscat
851 744 905 802 sibi
920 743 1014 800 fabula
1027 745 1123 823 credi,

351 823 420 881 Neu
434 843 544 900 pransae
559 824 666 881 Lamiae‘
680 825 774 881 vivum
788 842 907 899 puerum
921 824 1050 881 extrahat
1060 824 1130 884 alvo.
1251 825 1315 885 340

352 902 497 960 Centuriae
512 903 654 960 seniorum
669 904 777 979 agitant
790 902 919 978 expertia
933 901 1037 977 frugis3

352 981 430 1039 Celsi
443 992 615 1058 pratereunt
625 994 738 1040 austera
750 986 884 1057 poemata
897 980 1061 1039 Rhamnes:

352 1061 449 1119 Omne
462 1061 526 1118 tulit
539 1071 688 1136 punctum,
702 1061 750 1135 qui
764 1060 879 1117 miscuit
893 1060 961 1116 utile
973 1060 1060 1133 dulci,

353 1139 502 1198 Lectorem
517 1140 686 1198 delectando
699 1139 859 1214 pariterque
869 1140 1022 1197 monendo.

353 1218 412 1276 Hic
426 1229 515 1276 meret
528 1238 584 1275 aera
597 1219 667 1275 liber
680 1218 769 1275 Sosiis
781 1238 788 1288 3
811 1219 858 1274 bic
872 1229 901 1275 et
914 1237 992 1275 mare
1007 1219 1117 1292 transit,
1249 1220 1312 1279 345

353 1297 391 1357 Et
403 1298 520 1373 longum
534 1308 602 1355 noto
615 1297 743 1372 scriptori
758 1308 890 1371 prorogat
903 1316 1002 1353 aevum.

393 1378 467 1433 Sunt
481 1377 586 1433 delicta
598 1387 694 1433 tamen
709 1376 811 1450 quibus
825 1376 966 1451 ignovisse
981 1376 1116 1434 velimus:

352 1452 430 1512 Nam
444 1473 537 1530 neque
552 1454 658 1512 chorda
672 1474 773 1511 sonum
788 1456 881 1512 reddit
891 1474 976 1530 quem
989 1455 1049 1512 vult
1059 1474 1161 1513 manus
1174 1467 1203 1514 et
1216 1474 1311 1530 mens,

353 1533 541 1610 Poscentique
555 1552 669 1609 gratem
683 1531 810 1609 persaepe
825 1534 943 1591 remittit
956 1536 1088 1604 acutum}

353 1612 419 1669 Nec
432 1631 543 1688 semper
557 1613 638 1669 feriet
651 1614 842 1688 quodcunque
857 1609 1010 1670 minabitur
1024 1632 1116 1670 arcus.
1248 1615 1311 1673 350

353 1689 473 1764 Verium,
488 1692 537 1748 ubi
546 1692 628 1767 plura
641 1692 732 1749 nitent
746 1692 777 1749 itr
792 1692 928 1762 carmine,
942 1711 1000 1749 non
1014 1711 1068 1768 ego
1082 1692 1181 1767 paucis

352 1769 491 1828 Offendor
504 1770 634 1843 maculis,
652 1790 722 1846 quas
736 1781 785 1827 aut
795 1771 906 1828 incuria
919 1770 1000 1843 fudit,

353 1850 415 1907 Aut
429 1851 554 1913 humana
565 1869 665 1926 parum
681 1850 754 1907 cavit
768 1849 1000 1910 natura-Quid
1013 1868 1082 1926 ergo
1095 1860 1137 1908 est
1145 1850 1198 1907 l-

353 1928 392 1987 Ut
406 1929 524 2005 scriptor
538 1929 562 1986 si
575 1940 676 2005 peccat
689 1929 765 1987 idem
779 1929 909 1985 librarius
924 1947 1021 2003 usque,

352 2007 495 2069 Quamvis
508 2018 551 2065 est
564 2009 699 2080 monitus,
714 2008 798 2065 venia
812 2019 889 2065 caret
897 2027 904 2077 ;
926 2018 955 2064 et
969 2008 1142 2066 citharoedus
1246 2010 1311 2069 355

353 2086 488 2159 Ridetur,
502 2087 610 2144 chorda
623 2086 671 2161 qui
686 2105 797 2162 semper
811 2087 922 2143 oberrat
935 2086 1054 2144 eadem:

355 2166 405 2222 Sic
418 2166 498 2237 mihi,
511 2166 560 2242 qui
574 2164 695 2223 multllm
710 2176 812 2237 cessat,
827 2166 858 2222 fit
872 2166 1015 2222 Choerilus
1028 2166 1087 2239 ille,

353 2244 452 2305 Quem
466 2245 509 2301 bis
523 2255 620 2318 terque
635 2245 741 2301 bonum
754 2263 822 2301 cum
835 2244 893 2301 risu
908 2246 1010 2313 miror3
1032 2254 1060 2302 et
1073 2244 1150 2303 idem

353 2320 501 2399 Indignor,
514 2323 684 2397 quandoque
696 2323 788 2380 bonus
801 2323 935 2380 dormitat
948 2323 1100 2381 Homerus.

354 2398 463 2460 Verum
477 2403 555 2478 operi
569 2402 654 2478 longo
668 2402 710 2460 las
723 2412 767 2460 est
780 2403 915 2479 obrepere
930 2422 1070 2461 somnum.
1248 2404 1312 2464 360

393 2480 432 2539 Ut
444 2481 564 2558 pictura,
578 2481 691 2556 poesis3
712 2483 766 2539 erit
779 2500 851 2558 qua,
866 2481 890 2538 si
903 2480 1019 2558 propius
1032 2494 1099 2555 stes,

352 2556 400 2616 Te
414 2561 508 2636 capiet
521 2558 622 2636 magis,
637 2572 666 2618 et
679 2563 818 2638 quaedam,
833 2560 857 2618 si
871 2560 984 2637 longius
995 2561 1096 2618 abstes.

354 2637 428 2696 Haec
441 2651 517 2698 amat
529 2641 699 2710 obscurum;
720 2641 794 2698 volet
808 2641 870 2696 hac
884 2641 937 2697 sub
950 2641 1014 2697 luce
1025 2640 1124 2714 videri,

353 2717 466 2776 Judrcis
480 2730 610 2794 argutum
624 2739 687 2794 quae
701 2739 758 2777 non
774 2719 905 2777 formidat
919 2738 1058 2776 acumen:

354 2795 428 2854 Haec
441 2798 548 2873 placuit
561 2802 657 2870 semel,
673 2800 736 2855 haec
749 2800 846 2857 decies
859 2799 978 2874 repetita
990 2797 1122 2874 placebit
1248 2799 1311 2861 365

393 2876 422 2933 Ο
436 2877 524 2952 major
535 2877 683 2952 juvenum,
697 2878 825 2952 quamvis
838 2886 867 2933 et
881 2895 950 2934 voce
964 2879 1084 2953 paterna

353 2953 486 3031 Fingeris
499 2955 535 3011 ad
549 2967 669 3027 rectum,
683 2966 712 3012 et
721 2975 772 3031 per
786 2965 814 3013 te
828 2955 912 3029 sapis,
928 2956 982 3012 hoc
995 2957 1047 3013 tibi
1061 2957 1170 3013 dictum

352 3031 438 3091 Tolle
452 3051 561 3091 memor
573 3053 579 3090 :
601 3035 686 3092 certis
699 3034 826 3091 medium
840 3043 869 3090 et
881 3033 1026 3091 tolerabile
1040 3036 1125 3092 rebus

353 3108 448 3168 Recte
463 3112 592 3169 concedi.
634 3112 789 3169 Consultus
800 3111 880 3187 juris,
895 3122 924 3168 et
938 3123 1015 3169 aeter

353 3189 513 3246 Causarum
527 3190 688 3262 mediocris,
703 3191 783 3247 abest
796 3190 898 3247 virtute
913 3190 1010 3248 diserti
1246 3193 1307 3252 370

353 3267 494 3340 Messala,
509 3287 564 3325 nec
577 3268 631 3325 scit
644 3265 781 3343 quantiam
796 3268 953 3325 Cascellius
967 3270 1078 3339 Aulus3

353 3347 412 3405 Sed
425 3357 521 3404 tamen
536 3347 565 3404 in
579 3347 669 3423 pretio
682 3360 742 3407 est:
764 3347 955 3420 mediocribus
968 3368 1031 3405 esse
1044 3348 1137 3425 po'e'tis

352 3424 421 3484 Non
436 3425 576 3498 hominm,
590 3444 647 3484 non
662 3425 702 3499 di,
716 3446 775 3484 non
789 3424 959 3484 concessere
973 3428 1122 3485 columnae.

353 3504 393 3563 Ut
406 3515 500 3582 gratas
514 3505 587 3564 inter
600 3524 714 3563 mensas
727 3506 895 3581 symphonia
905 3506 1023 3578 discors,

353 3583 392 3642 Et
399 3602 527 3642 crassum
541 3596 730 3660 unguentum,
741 3595 770 3642 et
784 3586 875 3642 Sardo
888 3603 955 3643 cum
969 3586 1054 3642 melle
1065 3605 1187 3662 papaver
1247 3587 1309 3645 375

351 3663 522 3736 Offendunt,
537 3674 647 3739 poterat
660 3664 726 3722 duci
740 3665 808 3739 quia
821 3683 904 3720 coena
917 3664 978 3720 sine
993 3665 1069 3734 istis;

354 3742 405 3802 Sic
418 3742 521 3800 animis
534 3752 633 3800 natum
647 3743 850 3818 inventumque
863 3746 967 3817 poema
977 3743 1119 3819 juvandis,

354 3821 387 3881 Si
399 3818 517 3897 paulum
531 3841 548 3878 a
560 3839 672 3880 summo
685 3822 825 3893 discessit,
841 3821 929 3896 vergit
943 3823 979 3878 ad
993 3823 1092 3880 imum.

392 3900 506 3958 Ludere
518 3900 567 3976 qui
581 3900 683 3973 nescit,
697 3900 903 3975 campestribus
916 3900 1039 3959 abstinet
1053 3901 1149 3975 armis,

353 3977 546 4056 Indoctusque
560 3979 624 4055 pilae
638 3979 745 4036 discive
758 3979 884 4037 trochive
898 3980 1028 4054 quiescit,
1248 3981 1309 4040 33)

352 4056 401 4117 Ne
415 4057 512 4136 spisse
522 4058 611 4117 risum
624 4058 724 4116 tollant
736 4055 853 4135 impunc
868 4075 997 4116 coronae:
