3084 4900
275 592 330 650 100
596 589 628 646 Q·
646 588 792 638 HORATII
810 590 934 639 FLACCI

311 731 377 790 Hoc
388 730 476 807 juvat,
490 731 566 788 haud
581 731 650 789 illud
664 742 832 807 querentes,
847 751 916 789 num
931 732 993 789 sine
1005 750 1101 805 sensu,

311 810 454 886 Tempore
468 830 537 867 num
552 811 657 869 saciant
670 812 930 869 alieno-Laedere
944 812 1062 886 gaudes,

311 887 411 965 Inquis
424 909 431 947 ε
452 900 481 946 et
493 890 548 947 hoc
562 891 656 947 studio
669 910 771 965 pravus
785 890 988 947 facis-Unde
1001 891 1121 965 petitum

311 968 377 1025 Hoc
391 969 422 1025 in
436 987 481 1025 me
492 969 587 1044 jacisl
608 980 652 1026 est
662 980 761 1025 auctor
775 970 838 1043 quis
852 969 975 1042 denique
988 987 1088 1026 eorum

309 1046 378 1103 Vixi
391 1065 457 1103 cum
471 1048 592 1121 quibusl
627 1047 784 1104 Absentem
798 1048 846 1121 qui
861 1047 934 1104 rodit
947 1047 1072 1104 amicum
1080 1066 1089 1118 ;
1218 1047 1260 1105 80

308 1125 371 1186 Qui
385 1143 443 1183 non
456 1126 593 1196 defendit,
607 1126 662 1183 alio
676 1126 828 1201 culpante3
850 1125 955 1183 solutos

309 1203 371 1264 Qui
386 1215 480 1280 captat
493 1205 566 1261 risus
580 1204 738 1274 hominum,
754 1204 913 1277 famamque
927 1203 1052 1273 dicacis3

309 1282 435 1359 Fingere
449 1282 496 1358 qui
511 1302 568 1340 nou
583 1282 642 1339 visa
655 1293 764 1358 potest3
787 1283 939 1339 commissa
951 1293 1047 1339 tacere

309 1362 371 1422 Qui
385 1363 499 1436 nequit:
521 1362 567 1417 hic
580 1361 661 1435 niger
675 1372 731 1429 est;
753 1362 831 1417 hunc
845 1371 886 1431 tu,
901 1360 1044 1434 Romane,
1058 1371 1165 1419 caveto.

310 1437 393 1515 Saepd
408 1441 497 1497 tribus
511 1439 592 1495 lectis
605 1440 701 1496 videas
715 1458 828 1496 coenare
842 1451 1011 1513 quaternos;
1217 1440 1259 1498 85

310 1517 335 1575 E
349 1519 451 1593 quibus
466 1537 539 1574 unus
554 1528 617 1575 avet
626 1518 724 1593 quavis
739 1537 888 1593 aspergere
903 1530 1033 1591 cunctos,

309 1596 415 1654 Praeter
428 1616 494 1655 eum
508 1597 556 1672 qui
569 1597 675 1672 prabet
686 1616 803 1673 aquam3
824 1594 898 1673 pdst,
908 1597 986 1654 hunc
996 1593 1106 1673 quoque
1119 1606 1212 1673 potus,

310 1676 434 1733 Condita
446 1695 533 1751 quum
547 1695 630 1733 verax
644 1678 733 1752 aperit
745 1677 901 1751 praecordia
913 1676 1014 1734 Liber:

310 1753 369 1812 Hic
382 1756 433 1814 tibi
448 1754 536 1813 comis
551 1766 579 1813 et
593 1756 718 1812 urbanus
732 1756 858 1831 liberque
872 1755 982 1812 videtur

309 1832 417 1893 Infesto
431 1833 528 1910 nigris.
563 1833 637 1910 Ego,
651 1835 675 1892 si
689 1835 738 1892 risi
751 1832 828 1910 qudd
843 1835 956 1909 ineptus
1055 1853 1058 1858 ’
1218 1832 1259 1891 90

309 1912 439 1971 Pastillos
452 1913 578 1970 Rufillus
591 1915 658 1986 olet,
672 1913 834 1989 Gorgonius
848 1914 969 1985 hircum,

309 1992 428 2049 Lividus
438 2003 467 2050 et
480 1994 596 2050 mordax
609 1993 705 2049 videor
719 1993 778 2049 tibi.
813 1991 925 2049 Mentio
937 1992 961 2048 si
974 2010 1031 2067 qua

310 2070 355 2128 De
370 2071 523 2147 Capitolini
537 2072 617 2128 furtis
631 2070 736 2145 injecta
749 2069 844 2127 Petilli

311 2149 357 2206 Te
371 2168 467 2207 coram
481 2149 574 2221 fuerit,
591 2149 738 2219 defendas,
750 2159 781 2205 ut
794 2158 860 2204 tuus
874 2158 916 2205 est
929 2167 991 2205 mos
1001 2167 1033 2204 :-

310 2225 360 2285 Me
375 2227 553 2303 Capitolinus
567 2227 728 2284 convictore
742 2245 811 2283 usus
824 2226 972 2299 amicoque
1218 2226 1259 2285 05

310 2308 339 2365 A
352 2325 440 2383 puero
453 2316 506 2378 est,
520 2306 664 2379 causaque
677 2304 742 2361 med
755 2305 895 2380 permulta
907 2314 1022 2379 rogatus

311 2385 410 2456 Fecit3
431 2396 461 2442 et
474 2384 624 2441 incolumis
637 2384 715 2441 laetor
728 2380 805 2460 qudd
818 2383 886 2441 vivit
898 2383 928 2440 in
942 2384 1031 2440 urbe:

312 2466 371 2522 Sed
385 2475 480 2522 tamen
494 2464 617 2522 admiror
630 2482 685 2539 quo
698 2474 783 2540 pacto
792 2463 932 2539 judicium
948 2462 1017 2520 illud

311 2543 538 2619 Fugerit—Hic
552 2544 640 2619 nigrae
655 2562 758 2600 succus
772 2542 912 2619 loliginis;
934 2544 996 2599 haec
1010 2550 1053 2600 est

311 2621 422 2698 AErugo
435 2642 531 2693 mera;
552 2623 627 2698 quod
642 2622 741 2680 vitium
755 2622 853 2698 procul
869 2622 964 2679 abfore
979 2621 1094 2694 chartis,
1201 2622 1259 2681 100

311 2702 407 2777 Atque
422 2702 517 2760 animo
529 2700 618 2777 priris,
632 2711 674 2774 ut,
688 2701 712 2758 si
726 2701 794 2776 quid
808 2701 971 2777 promittere
985 2700 1021 2759 de
1035 2719 1081 2757 me

310 2779 431 2838 Possum
445 2782 532 2854 aliud,
546 2778 612 2838 verd
626 2779 766 2857 promitto.
800 2780 932 2837 Liberius
945 2780 970 2837 si

310 2858 417 2918 Dixero
430 2860 507 2935 quid,
522 2861 545 2916 si
559 2856 630 2917 forte
642 2859 776 2935 jocosius,
788 2859 844 2916 hoc
857 2859 927 2915 mihi
938 2859 1010 2934 juris

310 2937 386 2994 Cum
400 2939 483 2995 veniri
498 2938 592 2994 dabis:
614 2937 735 2993 insuevit
748 2945 827 3011 pater
840 2936 963 3010 optimus
977 2937 1032 2992 hoo
1043 2953 1100 3007 me,

310 3014 349 3073 Ut
362 3017 500 3092 fugerem,
514 3015 649 3090 exemplis
662 3015 793 3072 vitiorum
807 3032 924 3088 quaeque
938 3013 1070 3070 notando.
1201 3015 1258 3072 105

310 3093 412 3155 Quum
426 3114 472 3152 me
486 3095 652 3165 hortaretur,
666 3089 763 3168 pared,
779 3091 933 3167 frugaliter,
948 3102 1032 3165 atque

311 3173 445 3231 Viverem
459 3169 500 3230 uti
515 3182 666 3229 contentus
679 3190 714 3228 eo
727 3171 802 3244 quod
816 3168 856 3226 mi
870 3171 930 3245 ipse
944 3170 1087 3245 pariasset:

311 3255 330 3282 “
345 3250 452 3308 Nonne
466 3250 553 3321 vides,
569 3248 637 3305 Albi
652 3260 684 3307 ut
697 3245 772 3305 ruald
784 3248 859 3304 vivat
871 3248 966 3305 filiusl
987 3258 1073 3323 utque

310 3329 415 3388 Barrus
428 3330 529 3404 inopsl
549 3347 687 3403 magnum
700 3328 912 3399 documentum,
928 3346 965 3384 ne
977 3327 1097 3403 patriam
1110 3345 1171 3386 rem

311 3409 434 3466 Perdere
447 3408 510 3482 quis
523 3406 616 3464 velit.”
661 3407 689 3463 A
703 3406 777 3481 turpi
791 3406 949 3463 meretricis
962 3425 1057 3465 amore
1201 3407 1259 3466 110

310 3486 411 3548 Quum
425 3486 587 3558 deterreret,
602 3490 620 3516 “
631 3485 747 3543 Sectani
761 3485 905 3542 dissimilis
919 3485 985 3541 sis.¹'

309 3564 358 3622 Ne
371 3584 503 3640 sequerer
517 3566 652 3637 moechas,
667 3565 805 3622 concessa
818 3583 906 3639 quum
919 3564 1034 3621 Venere
1046 3563 1089 3621 uti

310 3643 438 3716 Possem,
458 3648 477 3674 ‘⁴
486 3642 627 3720 Deprensi
641 3662 699 3701 non
713 3643 788 3701 bella
800 3653 844 3699 est
857 3643 932 3699 fama
944 3639 1102 3714 Treboni,''

310 3723 424 3781 Aiebat.
466 3726 484 3753 “
498 3722 628 3798 Sapiens,
642 3723 729 3779 vitatu
743 3722 867 3796 quidque
879 3721 970 3796 petitu

311 3803 357 3859 Sit
369 3801 479 3873 melius,
494 3820 594 3857 causas
607 3801 707 3858 reddet
719 3800 788 3857 tibi:
808 3798 848 3855 mi
863 3797 931 3856 satis
944 3807 997 3870 est,
1010 3797 1035 3855 si
1200 3800 1258 3859 115

224 3895 233 3913 ·
311 3880 466 3938 Traditum
481 3880 517 3937 ab
530 3879 651 3953 antiquis
665 3896 775 3935 morem
788 3895 909 3949 servare,
922 3888 1066 3952 tuamque,
1185 3888 1193 3895 '

315 3957 391 4016 Dum
405 3958 531 4016 custodis
544 3976 621 4033 eges,
636 3957 721 4013 vitam
737 3956 895 4029 famamque
909 3955 982 4014 tueri

314 4034 491 4094 incolumem
506 4054 636 4109 possum:
658 4035 741 4090 simul
756 4052 790 4090 ac
804 4034 945 4091 duraverit
956 4044 1024 4090 aetas

311 4114 449 4174 Membra
457 4113 647 4189 animumque
654 4123 745 4178 tuum.
759 4113 841 4170 nabis
857 4112 919 4170 sine
932 4113 1066 4171 cortice.''
1108 4113 1160 4181 Sic
1171 4131 1219 4174 me
