3084 4900
597 598 804 649 SATIRARUM
821 600 887 649 LIB.
905 598 941 649 11.
958 602 982 649 5.
1224 606 1278 664 131

327 739 440 799 Primus
453 751 482 798 et
495 741 623 800 invenior
636 742 716 819 piper
730 743 836 815 album,
852 762 920 801 cum
934 744 992 802 sale
1005 742 1089 822 nigro

328 818 484 892 lucratum,
498 822 576 895 puris
589 821 828 897 circumposuisse
841 823 953 881 catillis.
1240 826 1280 883 75

327 898 457 956 Immune
471 909 514 956 est
528 900 626 957 vitium
640 901 707 956 dare
722 901 811 957 millia
823 912 905 958 terna
918 902 1048 974 macello,

326 978 514 1053 Angustaque
528 998 613 1053 vagos
626 979 719 1054 pisces
733 999 834 1055 urgere
849 981 951 1038 catino.

310 1069 312 1073 ⁴
326 1055 435 1133 Magna
449 1068 541 1114 movet
554 1058 700 1116 stomacho
715 1058 835 1130 fastidia,
851 1079 902 1116 seu
915 1079 985 1137 puer
999 1059 1094 1117 unctis

326 1135 474 1193 Tractavit
487 1135 606 1193 calicem
621 1138 762 1207 manibus,
777 1138 844 1193 dum
860 1138 933 1196 furta
953 1139 1079 1215 ligurrit;
1096 1214 1098 1217 v

326 1214 393 1271 Sive
406 1215 499 1290 gravis
512 1216 599 1272 veteri
613 1227 729 1273 craterae
743 1216 828 1272 limus
842 1218 968 1275 adhaesit.
1238 1218 1278 1276 80

325 1294 438 1351 Vilibus
452 1294 481 1350 in
496 1295 598 1369 scopis,
613 1294 643 1351 in
657 1296 776 1370 mappis,
791 1296 820 1351 in
835 1296 930 1367 scobe,
944 1308 1067 1371 quantus

327 1372 466 1430 Consistit
479 1375 628 1449 sumptus?
648 1373 797 1449 neglectis,
813 1374 951 1449 flagitium
965 1376 1077 1451 ingens.

327 1451 403 1508 Ten'
418 1451 527 1526 lapides
540 1452 632 1510 varios
645 1452 786 1510 lutulenta
800 1455 898 1510 radere
912 1455 1017 1529 palma,

325 1529 364 1588 Et
378 1530 481 1606 Tyrias
495 1532 562 1588 dare
574 1531 683 1588 circum
698 1533 775 1590 illota
788 1533 887 1589 toralia
900 1545 1002 1605 testeo,

326 1608 455 1667 Oblitum
468 1608 574 1684 quantd
589 1629 687 1668 curam
702 1621 901 1685 sumptumque
915 1612 1054 1669 minorem
1234 1610 1276 1669 85

326 1688 399 1746 Haec
413 1689 546 1759 habeant,
560 1685 639 1745 tanti)
654 1688 788 1765 reprdndi
799 1688 904 1764 justius
919 1690 974 1747 iuis

324 1766 401 1829 Quae
414 1768 471 1825 nisi
486 1768 618 1824 divitibus
632 1779 775 1842 nequeant
789 1768 954 1844 contingere
968 1768 1097 1826 mensis?

707 1936 852 1970 nortorum.

325 2022 417 2081 Docte
431 2023 506 2096 Cati,
520 2043 570 2099 per
584 2022 738 2080 amicitiam
752 2024 886 2099 divosque
900 2035 1025 2102 rogatus,

324 2102 439 2160 Ducere
452 2122 498 2159 me
512 2103 650 2174 auditum,
664 2122 766 2179 perges
779 2101 961 2179 qudcunque,
976 2114 1128 2163 memento.

324 2180 412 2254 Nam,
425 2182 552 2256 quamvis
566 2182 672 2239 reseras
685 2182 804 2239 memori
818 2184 888 2240 mihi
902 2195 1017 2259 pectore
1031 2196 1146 2258 cuncta,
1234 2186 1274 2244 90

324 2260 392 2319 Non
407 2273 502 2317 tamen
517 2261 654 2337 interpres
668 2263 837 2319 tantundem
849 2263 971 2338 juveris:
993 2265 1067 2321 adde

324 2340 444 2397 Vultum
465 2341 646 2414 habitumque
661 2341 800 2410 hominis;
821 2361 906 2416 quern
920 2353 950 2399 tu
964 2342 1068 2400 vidisse
1082 2345 1182 2402 beatus

323 2418 391 2476 Non
405 2420 622 2495 magnipendis,
636 2420 703 2495 quia
716 2420 849 2496 contigit:
871 2432 900 2478 at
913 2422 983 2479 mihi
997 2440 1067 2480 cura

324 2497 392 2555 Non
406 2499 557 2555 mediocris
571 2499 655 2569 inest,
670 2499 760 2556 fontes
782 2511 813 2556 ut
823 2500 900 2556 adire
914 2512 1036 2559 remotos

323 2575 419 2653 Atque
433 2578 545 2634 haurire
559 2595 660 2652 queam
675 2578 739 2634 vitae
753 2589 896 2654 praecepta
910 2579 1008 2637 beatae.
1233 2582 1273 2639 95

679 2970 837 3030 SATIRA
852 2970 889 3032 V.

718 3159 836 3194 [rursm.

321 3267 387 3325 Hoc
400 3286 520 3343 quoque,
536 3265 658 3338 Tiresia,
672 3277 774 3341 praeter
788 3277 910 3339 narrata,
924 3268 1033 3344 petenti

322 3347 486 3421 Responde,
500 3347 602 3420 quibus
616 3346 733 3402 amissas
746 3365 876 3421 reparare
890 3363 992 3421 queam
1006 3367 1052 3406 res

321 3427 439 3483 Artibus
453 3437 536 3500 atque
550 3425 649 3482 modis.
690 3424 772 3485 Quid
787 3425 883 3482 ridesi

710 3588 843 3624 mansus.

934 3676 953 3733 J
955 3696 1039 3735 amne
1053 3677 1150 3737 doloso

318 3758 385 3816 Non
400 3755 467 3815 satis
480 3769 523 3815 est
537 3756 666 3814 Ithacam
680 3755 786 3828 revehi,
800 3756 959 3832 patriosque
974 3757 1097 3815 Penates

318 3839 475 3914 Aspiceret

713 3985 832 4018 ULYSSES·

515 4071 542 4127 Ο
556 4071 625 4127 nulli
639 4072 792 4146 quidquam
811 4072 938 4142 mentite,
953 4072 1031 4129 vides
1044 4082 1077 4130 ut
1246 4076 1268 4132 5

317 4151 422 4210 Nudus
437 4152 572 4226 inopsque
587 4151 702 4207 domum
716 4151 841 4222 redeam,
853 4161 881 4206 te
894 4161 974 4222 vate;
995 4170 1087 4227 neque
1101 4151 1160 4211 illic
