3084 4900
594 590 625 647 Q.
643 589 790 638 HORATH
807 589 940 641 FLach

431 732 549 792 Occidit
562 733 636 791 Daci
651 733 795 795 Cotisonis
808 752 927 810 agmen:

431 810 536 870 Medus
549 813 659 871 infestis
673 814 727 870 sibi
741 814 888 871 luctuosus

630 892 757 950 Dissidet
771 893 872 949 armis:

433 970 535 1042 Servit,
550 971 687 1049 Hispana
702 983 782 1029 vetus
796 972 884 1029 hostis
897 990 964 1043 orae,

432 1049 586 1122 Cantaber,
603 1053 667 1108 sera
681 1051 806 1107 domitus
820 1051 939 1106 catena:

431 1128 450 1184 J
453 1148 497 1185 am
513 1131 627 1205 Scythae
641 1128 705 1185 laxo
719 1129 891 1184 meditantur
906 1145 974 1184 arcu

629 1207 740 1263 Cedere
761 1207 877 1281 campis,

432 1284 462 1342 N
464 1286 602 1362 egligens‚
616 1304 653 1342 ne
667 1286 724 1360 qua
737 1285 857 1361 populus
870 1285 987 1358 laboret,

433 1364 523 1421 Parce
537 1364 661 1439 privatus
675 1362 797 1421 nimium
812 1383 930 1433 cavere3

431 1441 516 1503 Dona
528 1443 675 1519 praesentis
689 1461 758 1518 cape
773 1442 854 1500 laetus
868 1443 953 1514 horae,
967 1450 996 1499 et

629 1521 740 1596 Linque
754 1541 859 1578 severa.

621 1729 911 1739 ——-—

668 1863 753 1935 ODE
780 1876 868 1935 VIII.

641 2034 682 2071 An
703 2034 895 2072 MERCURIUM.

433 2153 588 2223 Murcum,
604 2150 685 2228 (nam
698 2162 727 2208 te
741 2151 842 2208 docilis
856 2152 992 2228 magistro

433 2231 525 2291 Movit
538 2230 684 2305 Amphion
698 2229 808 2305 lapides
822 2231 978 2310 canendc,)

434 2311 549 2385 Tuque,
563 2309 686 2379 testudo,
700 2327 833 2365 resonare
847 2320 956 2385 septem

630 2387 743 2446 Callida
756 2389 860 2462 nerviS,

433 2469 499 2528 Nec
512 2469 615 2545 loquax
627 2468 694 2525 olim
708 2487 801 2543 neque
815 2479 905 2544 grata,
919 2488 998 2528 nunc
1012 2479 1042 2530 et

433 2548 563 2606 Divitum
576 2547 683 2604 mensis
696 2559 725 2605 et
738 2547 832 2605 amica
845 2549 967 2626 templis,

434 2627 491 2687 Dic
504 2629 603 2686 modos
617 2627 696 2702 Lyde
710 2627 813 2702 quibus
826 2630 982 2687 obstinatas

631 2707 767 2783 Applicet
781 2726 874 2766 aures.

434 2786 484 2844 Tu
497 2798 577 2862 potes
590 2786 677 2862 tigres
691 2788 866 2862 comitesque
880 2789 964 2846 silvas

434 2864 561 2936 Ducere,
575 2877 604 2923 et
617 2865 691 2922 rivos
705 2865 813 2922 celeres
826 2867 939 2925 morari.

435 2943 530 3001 Cessit
543 2943 675 2999 immanis
688 2943 740 2999 tibi
753 2942 911 3001 blandienti

633 3020 651 3076 J
654 3021 745 3077 anitor
759 3021 831 3077 aulae

435 3099 578 3158 Cerberus
587 3120 594 3170 ;
616 3100 743 3174 quamvis
758 3099 858 3158 suriale
873 3112 990 3158 centum

435 3177 571 3236 Muniant
584 3196 693 3253 angues
706 3191 792 3254 caput
806 3179 877 3254 ejus,
893 3190 976 3255 atque
989 3182 995 3186 ’

436 3257 558 3334 Spiritus
572 3268 643 3314 teter
658 3257 808 3331 saniesque
822 3268 919 3315 manet

631 3334 691 3393 Ore
704 3330 840 3412 trilingui.

434 3415 518 3477 Quin
532 3425 561 3472 et
574 3414 658 3472 Ixion
673 3416 830 3490 Tityosque
844 3415 924 3474 vultu

435 3495 514 3552 Risit
527 3495 631 3552 invito:
653 3496 730 3553 stetit
743 3514 816 3552 urna
825 3493 943 3572 pauldm

436 3575 531 3648 Sicca,
546 3575 615 3632 dum
628 3585 709 3650 grato
722 3573 819 3633 Danai
832 3576 941 3652 puellas

633 3655 769 3713 Carmine
783 3657 901 3713 mulces.

436 3732 546 3789 Audiat
558 3731 638 3806 Lyde
653 3734 746 3791 scelus
761 3746 845 3808 atque
858 3745 941 3791 notas

436 3810 589 3885 Virginum
602 3830 711 3884 poenas,
725 3823 754 3868 et
768 3812 854 3868 inane
867 3807 990 3884 lymphae

436 3887 554 3946 Dolium
567 3888 656 3946 fundo
670 3890 816 3964 pereuntis
830 3890 897 3962 imo,

635 3968 761 4043 Seraque
776 3967 833 4024 fata

435 4046 513 4107 Quae
526 4058 645 4104 manent
658 4046 756 4122 culpas
769 4047 856 4104 etiam
869 4047 923 4103 sub
933 4046 1020 4107 Orco.

437 4123 547 4202 Impiae,
564 4124 643 4202 (nam
657 4127 725 4202 quid
738 4123 857 4202 potudre
871 4125 963 4202 majus
970 4127 996 4207 l)
