3084 4900
518 581 719 631 eremmon
737 582 803 630 nm.
821 582 857 631 11.
954 547 957 561 ⁴

352 727 479 805 Rapacis
492 725 563 784 Orci
576 726 633 783 fine
648 725 799 797 destinata,

512 806 589 861 Aula
603 806 718 862 divitem
732 816 831 862 manet

352 885 473 944 Herum.
507 884 589 945 Quid
603 881 676 942 ultra
690 885 804 941 tendist
839 884 934 961 AEqua
947 886 1031 945 tellus

264 967 267 973 '
510 963 631 1038 Pauperi
645 964 801 1021 recluditur

353 1044 525 1120 Regumque
538 1043 650 1117 pueris:
670 1062 725 1100 nec
739 1042 852 1099 satelles
866 1042 938 1102 Orci

510 1122 653 1178 Callidum
666 1122 838 1179 Promethea

352 1201 484 1274 Revexit,
498 1221 567 1258 auro
580 1211 688 1277 captus
730 1202 789 1259 Hic
803 1203 956 1277 superbum

510 1279 666 1338 Tantalum
681 1292 765 1357 atque
780 1280 896 1339 Tantali

352 1362 452 1419 Genus
466 1363 595 1417 coercet:
616 1361 664 1417 hic
678 1362 771 1417 levare
786 1361 916 1418 functum

509 1438 667 1515 Pauperem
682 1440 836 1511 laboribus,

352 1519 479 1579 Vocatus
493 1529 575 1594 atque
589 1539 648 1577 non
662 1530 788 1594 vocatuS,
803 1520 889 1577 audit.

596 1830 681 1888 ODE
700 1830 786 1888 XVI.

591 1969 625 2007 IN
639 1968 792 2007 BACCHUM.

354 2073 503 2131 Brennum
518 2072 547 2129 in
561 2070 676 2127 remotis
690 2070 819 2128 carmina
832 2072 950 2150 rupibus

354 2153 422 2211 Vidi
437 2153 587 2210 docentem
604 2147 735 2227 (credite,
750 2152 881 2231 posteri),

393 2231 597 2307 Nymphasque
612 2231 766 2303 discente5‚
781 2242 810 2288 et
824 2252 907 2290 aures

432 2310 624 2388 Capripedum
639 2311 804 2384 Satyrorum
818 2323 926 2369 acutas.

353 2390 446 2450 Evoe!
469 2390 577 2447 recenti
591 2408 672 2445 mens
686 2390 809 2466 trepidat
822 2403 911 2464 metu,

352 2470 496 2545 Plenoque
511 2469 619 2527 Bacchi
632 2479 746 2544 pectore
760 2469 908 2528 turbidum

392 2550 536 2607 Laetaturl
570 2546 663 2603 Evoe!
684 2566 781 2621 parce,
796 2548 898 2605 Liber!

432 2628 533 2696 Parce,
548 2624 626 2699 gravi
641 2626 794 2681 metuende
808 2627 920 2701 thyrsol

352 2707 411 2764 Fas
424 2705 588 2781 pervicaces
602 2712 646 2758 est
659 2703 729 2758 mihi
744 2701 903 2777 Thyiadas,

354 2784 480 2859 Vinique
495 2783 611 2853 fontem,
626 2781 707 2838 lactis
721 2793 750 2839 et
764 2782 866 2839 uberes

393 2864 518 2921 Cantare
532 2861 614 2934 rivos,
626 2873 710 2936 atque
724 2863 834 2919 truncis

432 2941 526 3018 Lapsa
539 2941 615 2998 cavis
630 2942 732 3000 iterare
746 2942 839 3000 mella.

352 3021 410 3080 Fas
424 3032 453 3079 et
466 3022 556 3078 beatae
571 3021 700 3097 conjugis
714 3022 842 3079 additum

352 3102 448 3160 Stellis
462 3102 608 3172 honorem,
623 3111 753 3177 tectaque
768 3101 892 3160 Penthei

390 3181 518 3256 Disjecta
532 3198 590 3237 non
603 3180 661 3237 leni
676 3181 769 3253 ruina,

432 3259 555 3316 Thracis
569 3270 598 3316 et
611 3260 729 3317 exitium
743 3261 877 3337 Lycurgi.

352 3338 402 3396 Tu
416 3336 507 3397 flectis
521 3358 629 3410 amneS,
644 3350 675 3396 tu
690 3359 767 3397 mare
782 3340 950 3398 barbarum:

352 3419 402 3476 Tu
415 3419 550 3494 separatis
564 3419 666 3474 uvidus
679 3419 709 3474 in
721 3419 799 3494 jugis

390 3496 478 3555 Nodo
491 3501 610 3554 coerces
623 3497 750 3571 viperino

434 3575 615 3633 Bistonidum
630 3575 692 3630 sine
707 3574 806 3632 fraude
820 3574 930 3635 crines:

351 3655 410 3728 Tu,
424 3673 512 3732 quum
526 3653 652 3729 parentis
665 3671 755 3727 regna
767 3672 817 3727 per
832 3654 952 3712 arduum

353 3735 463 3793 Cohors
476 3731 634 3809 Gigantum
649 3733 800 3789 scanderet
814 3732 909 3810 impia,

390 3814 530 3872 Rhoetum
545 3811 682 3870 retorsisti
696 3812 787 3869 leonis

431 3893 583 3969 Unguibus
597 3892 782 3967 horribilique
797 3893 872 3950 malai
880 3912 888 3963 ;

353 3971 537 4048 Quanquam,
552 3972 662 4030 choreis
683 3973 772 4047 aptior
786 3983 815 4029 et
825 3972 899 4048 jocis

353 4050 490 4128 Ludoque
505 4053 608 4124 dictus,
623 4071 682 4110 non
696 4062 739 4109 sat
752 4052 872 4109 idoneus
