3084 4900
662 563 695 621 Q.
713 562 860 612 HORATII
877 562 1001 613 FLxccr

674 785 879 845 EPISTOLA
899 785 986 845 XIX.

700 926 740 964 AD
754 925 963 965 MAECENATEM.

376 1026 487 1083 Pnisco
501 1024 525 1083 si
539 1027 642 1097 credis,
657 1025 804 1084 Maecenas
817 1028 911 1097 docte,
926 1025 1053 1095 Cratino,

374 1103 464 1162 Nulla
476 1105 588 1181 placere
604 1106 652 1162 diu
667 1125 721 1163 neo
736 1108 829 1162 vivere
843 1104 970 1161 carmina
983 1114 1110 1180 possunt,

373 1183 450 1245 Quae
465 1185 626 1242 scribuntur
641 1204 719 1259 aquae
733 1184 894 1260 potoribus:
915 1196 946 1240 ut
960 1181 1034 1241 male
1049 1202 1133 1242 sanos

374 1263 536 1339 Adscripsit
550 1263 636 1320 Liber
651 1264 759 1339 Satyris
774 1262 937 1337 Faunisque
951 1267 1060 1337 poetas,

374 1341 452 1398 Vina
466 1340 524 1399 fere
540 1342 638 1399 dulces
651 1341 784 1399 oluerunt
798 1338 882 1397 mand
898 1341 1052 1398 Camoenae.

373 1419 521 1477 Laudibus
535 1420 661 1496 arguitur
674 1421 732 1478 vini
747 1421 860 1477 vinosus
875 1420 1035 1477 Homerus:

374 1498 485 1556 Ennius
499 1500 559 1575 ipse
572 1511 651 1575 pater
665 1519 821 1574 nunquam,
836 1500 891 1556 nisi
904 1509 997 1574 potuS,
1012 1500 1047 1556 ad
1062 1518 1141 1557 arma

373 1576 507 1635 Prosiluit
521 1579 651 1635 dicenda.
693 1578 829 1636 “Forum
841 1579 992 1653 putealque
1006 1578 1125 1636 Libonis

373 1653 519 1715 Mandabo
532 1657 627 1730 siccis,
642 1658 765 1715 adimam
780 1669 896 1716 cantaro
910 1656 1042 1714 severis.''

413 1736 478 1794 Hoc
492 1737 576 1794 simul
590 1737 688 1809 edixit,
703 1757 761 1795 non
776 1735 924 1794 cessavdre
938 1741 1031 1812 poetar

372 1812 522 1873 Nocturno
536 1827 645 1874 certare
659 1836 746 1888 mero,
761 1828 860 1892 putere
875 1811 985 1873 diurno.

370 1894 463 1968 Quid,
478 1894 502 1952 si
516 1896 579 1971 quis
592 1896 671 1953 vultu
684 1907 763 1953 torvo
777 1897 854 1953 ferus
868 1906 897 1952 et
909 1897 982 1970 pede
996 1895 1074 1953 nudo

371 1973 628 2051 Exiguaequetogae
642 1974 756 2032 simulet
769 1987 877 2032 textore
893 1974 1042 2046 Catonern,

371 2052 553 2111 Virtutemne
567 2065 749 2130 repraesentet
762 2072 910 2129 moresque
925 2054 1065 2110 Catonisl

371 2131 463 2207 Rupit
476 2131 611 2190 Iarbitam
625 2133 795 2208 Timagenis
810 2134 913 2189 aemula
926 2132 1033 2208 lingua,

371 2210 448 2268 Dum
462 2213 557 2268 studet
569 2211 705 2281 urbanuS,
719 2212 865 2286 tenditque
880 2212 1001 2274 disertus
1015 2212 1121 2271 haberi.

370 2289 486 2367 Decipit
499 2291 642 2367 exemplar
657 2291 730 2348 vitiis
745 2291 897 2348 imitabile:
919 2288 996 2364 qudd
1010 2291 1034 2347 si

370 2369 511 2427 Pallerem
526 2389 605 2443 casu,
618 2370 748 2427 biberent
761 2388 905 2446 exsangue
920 2370 1076 2427 cuminum.

370 2451 398 2508 Ο
412 2450 575 2523 imitatores,
587 2470 697 2508 servum
712 2469 810 2526 pecus,
825 2460 856 2508 ut
869 2448 939 2506 mihi
953 2447 1028 2526 saepe

369 2531 471 2603 Bilem,
486 2527 561 2606 saepd
573 2530 680 2607 jocum,
695 2531 779 2587 vestri
794 2527 907 2587 movere
921 2530 1075 2587 tumultus!

408 2611 512 2669 Libera
526 2629 709 2686 pervacuum
725 2611 806 2686 posui
820 2610 939 2685 vestigia
951 2610 1083 2684 princeps
1091 2629 1099 2679 3
1160 2649 1164 2655 -

368 2689 437 2749 Non
452 2689 544 2748 aliena
558 2709 622 2748 meo
635 2690 723 2766 pressi
738 2691 820 2766 pede.
860 2688 923 2751 Qui
937 2688 990 2746 sibi
1004 2689 1074 2761 fidit,

368 2769 436 2827 Dux
449 2770 522 2847 regit
534 2789 663 2827 examen.
705 2769 803 2827 Parios
817 2788 870 2844 ego
883 2769 990 2845 primus
1004 2768 1112 2825 iambos

368 2849 491 2907 Ostendi
505 2849 596 2921 Latio,
611 2868 744 2906 numeros
758 2849 923 2922 animosque
937 2859 1073 2922 sequutus

368 2929 546 2999 Archilochi,
560 2947 618 2985 non
634 2947 680 2985 res
695 2939 724 2984 et
738 2927 852 3002 agentia
865 2927 950 2984 verba
964 2926 1137 3000 Lycamben.

368 3008 425 3080 Ac,
439 3026 476 3064 ne
489 3027 536 3064 me
552 3007 625 3065 foliis
639 3007 705 3064 ideo
719 3005 893 3063 brevioribus
906 3024 990 3062 ornes

367 3084 458 3148 Quod
472 3085 554 3156 timui
568 3096 678 3143 mutare
693 3086 792 3142 modos
806 3095 835 3141 et
848 3083 982 3140 carminis
998 3094 1096 3156 artem,

368 3164 524 3241 Temperat
537 3164 703 3221 Archilochi
718 3162 832 3220 Musam
847 3164 919 3237 pede
933 3164 1060 3220 mascula
1074 3165 1201 3242 Sappho,

368 3243 524 3320 Temperat
538 3243 672 3299 Alcaeus:
694 3244 743 3299 sed
757 3244 843 3300 rebus
856 3253 885 3299 et
898 3242 998 3299 ordine
1012 3243 1124 3318 dispar;

367 3322 432 3380 Nec
446 3342 576 3380 socerum
590 3322 698 3396 quaerit,
713 3340 797 3397 quem
811 3321 938 3379 versibus
950 3322 1060 3379 oblinat
1073 3323 1160 3395 atris3

367 3402 433 3459 Nec
447 3421 556 3478 sponsae
570 3402 701 3476 laqueum
717 3402 823 3459 famoso
837 3401 964 3458 carmine
978 3402 1076 3459 nectit.

368 3481 457 3538 Hunc
471 3501 534 3558 ego,
549 3501 606 3539 non
622 3482 678 3539 alio
693 3481 801 3538 dictum
816 3479 894 3556 priris
908 3500 966 3552 ore,
981 3480 1092 3538 Latinis

367 3560 490 3637 Vulgari
504 3560 624 3618 fidicen:
643 3561 723 3637 juvat
737 3561 931 3617 immemorata
946 3560 1083 3617 ferentem

368 3640 506 3716 Ingenuis
520 3640 666 3716 oculisque
681 3640 748 3716 logi,
758 3641 945 3713 manibusque
959 3639 1059 3695 teneri.

409 3720 489 3777 Scire
504 3721 572 3777 velis
586 3740 651 3777 mea
664 3739 715 3776 cur
729 3720 856 3795 ingratus
869 3719 1007 3794 opuscula
1020 3718 1108 3775 lector
1134 3768 1140 3776 .

368 3797 481 3858 Laudet
495 3809 624 3874 ametque
638 3799 725 3870 domi,
738 3808 848 3873 premat
861 3810 941 3854 extra
954 3796 1041 3854 limen
1056 3796 1189 3873 iniquusi

368 3877 437 3936 Nou
451 3897 505 3955 ego
518 3888 641 3936 ventosae
655 3877 746 3953 plebis
760 3876 893 3952 suffragia
907 3894 994 3932 venor

369 3955 510 4032 Impensis
524 3975 669 4014 cannarum
683 3969 711 4012 et
725 3955 796 4012 tritae
811 3974 929 4011 munere
943 3955 1041 4021 vestis3

369 4034 438 4094 Non
452 4055 515 4113 ego,
529 4036 667 4094 nobilium
681 4035 849 4110 scriptorum
864 4033 974 4090 auditor
988 4045 1016 4091 et
1030 4033 1113 4107 ultor,

369 4114 578 4174 Grammaticos
592 4114 698 4173 ambire
713 4115 803 4172 tribus
818 4124 847 4172 et
859 4113 967 4195 pulpita
980 4114 1096 4190 dignor:
