3084 4900
554 598 761 648 SATlRARUM
779 597 844 647 LlB'.
862 598 883 646 1.
901 600 939 647 10.

288 742 364 802 Tam
377 742 490 818 nigrum
504 761 619 799 surrexe
633 739 719 798 mihil
741 740 813 815 sugit
826 739 979 815 improbus,
994 760 1028 799 ac
1042 761 1088 801 me

288 822 349 879 Sub
362 822 452 880 cultro
465 822 593 896 linquit.''
628 820 706 878 Casu
719 820 797 876 venit
810 819 907 876 obvius
921 819 961 878 illi

288 901 493 958 Adversarius:
514 911 552 972 et,
575 904 592 929 “
604 896 675 961 Quo
690 910 730 971 tu,
746 898 908 973 turpissime
918 900 949 955 l’'
971 898 1076 973 magnai
1196 900 1237 957 75

287 979 436 1037 Exclamat
449 997 517 1036 voce
529 999 536 1047 ;
557 989 595 1050 et,
617 982 636 1008 “
651 978 733 1035 Licet
747 977 881 1033 antestari
889 978 919 1033 l'’
942 976 1004 1052 Ego
1017 975 1084 1034 verd

287 1058 410 1134 Oppono
424 1058 597 1115 auriculam:
618 1057 690 1132 rapit
704 1056 734 1113 in
745 1055 808 1131 jus:
830 1055 935 1112 clamor
949 1055 1081 1132 utrinque
1089 1099 1097 1127 ‚

286 1137 420 1214 Undique
433 1155 598 1195 concursus
631 1136 682 1193 Sic
697 1153 743 1192 me
757 1133 878 1191 servavit
891 1134 1003 1211 Apollo.

634 1494 794 1553 SATIRA
814 1493 853 1551 X.

286 1613 318 1673 N
320 1632 399 1671 nuru
414 1612 600 1688 incomposito
614 1613 672 1670 dixi
686 1615 759 1689 pede
773 1634 888 1673 currere
903 1635 1000 1674 versus

288 1690 391 1750 Lucili.
424 1692 501 1753 Quis
515 1703 573 1749 tarn
588 1691 681 1749 Lucili
697 1693 787 1750 fautor
801 1695 848 1751 ine
868 1694 897 1752 te
912 1706 964 1767 est,

287 1771 327 1829 Ut
339 1790 397 1829 non
408 1772 462 1827 hoc
477 1770 615 1830 fateaturl
639 1772 691 1828 ·At
705 1772 791 1845 idern,
806 1775 883 1848 quod
897 1774 956 1830 sale
970 1772 1059 1830 inulto

287 1850 394 1908 Urbem
408 1848 549 1920 defricuit,
564 1849 664 1906 chartai
677 1849 808 1908 laudatur
822 1852 932 1910 eadem.

287 1928 354 1987 Nec
364 1939 459 1986 tamen
474 1929 528 1985 hoc
539 1928 665 1985 tribuens
677 1929 803 1986 dederim
817 1950 928 2006 quoque
942 1938 1061 1988 catera:
1081 1948 1148 1987 nam
1162 1929 1236 1987 sici>
1262 1952 1265 1957 ·

286 2008 325 2066 Et
339 2005 443 2066 Laberi
457 2008 568 2079 mimos,
583 2019 615 2064 ut
625 2007 745 2082 pulchra
755 2014 896 2084 poemata,
911 2010 1005 2067 mirer.

287 2086 365 2163 Ergo
378 2106 436 2144 non
451 2083 519 2142 satis
533 2097 576 2143 est
589 2086 646 2143 risu
663 2087 799 2145 diducere
813 2089 916 2146 rictum

288 2166 451 2224 Auditoris:
473 2176 502 2222 et
515 2175 558 2222 est
571 2166 700 2241 quaedam
714 2178 810 2225 tamen
824 2167 873 2226 hic
886 2186 997 2243 quoque
1011 2167 1107 2226 virtus.

287 2245 340 2302 Est
354 2244 487 2304 brevitate
501 2263 581 2319 opus,
596 2256 628 2302 ut
642 2257 737 2303 currat
750 2247 901 2319 sententia,
915 2266 972 2305 neu
986 2266 1018 2305 se

287 2324 428 2400 Impediat
441 2324 533 2380 verbis
545 2325 634 2381 lassas
648 2325 833 2383 onerantibus
847 2346 938 2384 aures.

287 2402 326 2462 Et
339 2422 467 2461 sermone
480 2422 550 2479 opus
564 2417 607 2461 est
620 2401 705 2462 modd
720 2405 802 2478 tristi,
817 2403 892 2482 saepd
904 2408 1012 2481 jocoso,

288 2483 468 2542 Defendente
482 2483 572 2540 vicem
587 2481 672 2540 modd
686 2485 807 2541 rhetoris
821 2496 903 2559 atque
916 2489 1019 2560 poetae,

288 2562 437 2620 Interdum
451 2562 561 2633 urbani,
575 2562 717 2638 parcentis
732 2563 847 2634 viribus,
862 2573 946 2638 atque

287 2641 475 2699 Extenuantis
488 2659 537 2697 eas
551 2638 689 2698 consultd.
724 2641 894 2698 Ridiculum
909 2641 967 2698 acri

287 2717 403 2778 Fortius
416 2730 445 2776 et
457 2718 560 2776 melius
573 2738 691 2794 magnas
704 2715 870 2795 plerirmque
884 2730 963 2777 secat
976 2738 1030 2777 res.

287 2799 345 2872 Illi,
360 2799 464 2873 scripta
478 2797 581 2872 quibus
594 2798 735 2855 comoedia
747 2799 842 2874 prisce
855 2798 921 2856 viris
934 2809 987 2870 est,

286 2878 353 2939 Hoc
366 2877 487 2949 stabant,
502 2878 557 2934 hoc
567 2887 633 2934 sunt
647 2877 791 2948 imitandi;
812 2897 882 2953 quos
894 2897 987 2954 neque
1000 2877 1118 2954 pulcher

287 2958 485 3032 Hermogenes
498 2974 622 3031 unquam
636 2955 713 3032 legit,
727 2977 820 3032 neque
834 2957 933 3015 simius
944 2958 1008 3030 iste,

286 3036 338 3093 Nil
351 3046 451 3113 praeter
465 3034 584 3092 Calvum
598 3046 627 3092 et
640 3034 740 3093 doctus
754 3047 870 3094 cantare
884 3036 1079 3095 Catullum.-

287 3116 329 3173 At
342 3133 478 3189 magnum
492 3114 569 3187 fecit,
582 3112 660 3190 qudd
674 3115 766 3172 verbis
781 3115 883 3173 Graeca
896 3115 1007 3174 Latinis

287 3192 484 3251 Miscuit-O
497 3194 552 3250 seri
562 3194 735 3252 studiorum!
757 3194 845 3270 quine
858 3195 964 3271 putetis

287 3273 411 3331 Difficile
424 3283 453 3329 et
466 3273 579 3344 mirum,
593 3273 710 3332 Rhodio
723 3274 799 3349 quod
813 3274 986 3332 Pitholeonti

288 3352 415 3427 Contigit
422 3352 515 3408 l-At
527 3371 620 3409 sermo
633 3353 732 3427 linguai
746 3353 906 3411 concinnus
920 3355 1039 3429 atriaque

288 3431 417 3503 Suavior,
431 3441 463 3488 ut
476 3430 551 3489 Chio
564 3442 632 3488 nota
645 3431 669 3487 si
683 3433 836 3489 commixta
850 3432 965 3488 Falerni
979 3441 1030 3488 est.

286 3511 388 3573 Quum
402 3528 498 3566 versus
509 3508 606 3580 facias,
620 3520 648 3566 te
662 3510 755 3585 ipsum
767 3521 929 3585 percontor,
940 3529 978 3567 an
989 3521 1018 3567 et
1030 3527 1118 3584 quum

287 3588 368 3646 Dura
381 3588 431 3645 tibi
445 3589 607 3664 peragenda
620 3588 661 3645 rei
675 3587 711 3644 sit
725 3607 813 3644 causa
826 3587 932 3659 Petilli,

288 3668 406 3725 Scilicet
419 3666 523 3725 oblitus
536 3666 690 3742 patriaeque
704 3665 847 3742 patrisque
861 3665 968 3737 Latini,

286 3746 388 3808 Quum
402 3745 507 3803 Pedius
521 3765 622 3803 causas
635 3746 754 3802 exsudet
768 3745 922 3821 Poplicola,
937 3755 1020 3821 atque

288 3826 437 3897 Corvinus,
450 3825 548 3900 patriis
561 3824 755 3882 intermiscere
775 3825 864 3900 petita

288 3904 384 3962 Verba
398 3904 464 3962 loris
477 3904 569 3976 malis,
581 3903 720 3961 Canusini
735 3923 813 3962 more
827 3904 981 3980 bilinguisl

287 3982 377 4059 Atqui
397 4002 451 4058 ego
474 4002 560 4058 quum
573 3983 690 4041 Graecos
702 3983 835 4056 lacerem,
849 3995 932 4041 natus
946 4000 1024 4040 mare
1038 3979 1119 4054 citra,

287 4062 462 4133 Versiculos
477 4063 565 4119 vetuit
579 4080 624 4119 me
638 4063 688 4120 tali
701 4080 772 4120 voce
786 4063 940 4134 Quirinus,

287 4140 356 4200 Post
366 4141 490 4198 mediam
503 4152 618 4199 noctem
631 4141 718 4215 visus,
729 4160 816 4217 quum
831 4140 942 4200 somnia
953 4159 1038 4198 vera:
1100 4141 1102 4144 ’
