3084 4900
511 611 711 662 CARMINUM
728 612 794 661 LIB.
812 612 860 662 iv.

348 757 459 816 Merses
471 757 621 833 profundo,
634 756 778 832 pulchrior
792 756 901 815 evenit:

351 838 481 908 Luctare,
496 836 586 892 multa
599 848 714 912 proruet
728 837 870 911 integrum

388 916 464 974 Cum
478 916 563 972 laude
577 916 723 987 victorem,
736 926 872 990 geretque

427 995 531 1051 Proelia
544 994 713 1070 conjugibus
726 994 876 1068 loquenda.

349 1074 516 1150 Carthagini
526 1074 585 1149 jam
599 1093 657 1131 non
670 1092 724 1149 ego
739 1074 855 1131 nuntios

349 1154 463 1212 Mittam
477 1153 628 1228 superbos:
649 1154 765 1224 occidit,
780 1153 888 1210 occidit

389 1234 462 1310 Spes
475 1233 567 1291 omnis
580 1244 609 1289 et
620 1232 731 1290 fortuna
745 1232 833 1289 nostri
931 1244 939 1266 ⁸

428 1312 570 1384 Nominis,
586 1311 767 1369 Hasdrubale
782 1312 959 1390 interempto.

350 1392 399 1449 Nil
414 1391 542 1449 Claudiae
556 1411 614 1449 non
628 1391 777 1468 perficient
791 1410 903 1464 manus,

349 1472 432 1534 Quas
446 1484 475 1529 et
489 1472 613 1547 benigno
627 1472 745 1528 numine
760 1471 873 1547 Jupiter

388 1551 534 1622 Defendit,
548 1562 578 1607 et
591 1570 667 1608 curae
682 1569 800 1626 sagaces

428 1630 593 1706 Expediunt
606 1650 655 1705 per
670 1643 753 1687 acuta
767 1630 863 1688 belli.’'

561 2006 563 2010 .
608 1945 693 2002 ODE
713 1943 766 2002 IV.

578 2086 618 2123 AD
632 2085 803 2125 AUGUSTUM.

351 2189 437 2246 Divis
451 2200 511 2245 orte
525 2187 617 2259 bonis,
631 2187 736 2262 optime
750 2188 884 2245 Romula

351 2270 455 2326 Custos
468 2268 571 2344 gentis,
587 2267 654 2323 abes
665 2267 722 2342 jam
735 2266 856 2325 nimiiim
871 2270 936 2327 diu:

352 2348 497 2405 Maturum
511 2348 633 2421 reditum
648 2347 790 2422 pollicitus
803 2347 921 2405 Patrum

509 2428 615 2484 Sancto
630 2427 761 2497 concilio,
776 2427 846 2484 redi.

352 2508 461 2565 Lucem
475 2508 562 2564 redde
576 2518 642 2576 tuae,
657 2507 715 2561 dux
730 2507 814 2578 bone,
829 2508 945 2582 patriae:

351 2588 445 2645 Instar
459 2587 533 2643 veris
547 2587 624 2641 enirn
639 2585 731 2640 vultus
745 2584 795 2640 ubi
808 2598 874 2643 tuus

352 2667 478 2737 Affulsit,
492 2664 596 2740 populo
607 2664 710 2738 gratior
726 2664 747 2719 it
761 2665 832 2733 dies,

510 2743 548 2799 Et
562 2742 634 2798 soles
648 2739 750 2799 melitis
765 2742 864 2800 nitent.

351 2825 391 2882 Ut
404 2835 492 2881 mater
504 2823 647 2899 juvenem,
662 2841 746 2896 quern
761 2821 855 2879 Notus
870 2823 966 2882 invido

352 2905 436 2961 Flatu
451 2902 598 2979 Carpathii
612 2911 690 2958 trans
704 2903 789 2958 maris
804 2922 916 2977 aequora

353 2985 545 3042 Cunctantem
560 2982 650 3057 spatio
664 2980 777 3057 longiiis
792 3002 888 3040 annuo

510 3061 597 3119 Dulci
612 3062 728 3118 distinet
742 3082 759 3117 a
772 3063 867 3134 dom0‚

352 3144 433 3201 Votis
447 3142 645 3215 ominibusque
659 3153 687 3197 et
701 3142 832 3216 precibus
847 3153 938 3216 vocat,

352 3224 447 3280 Curvo
461 3242 515 3279 nec
530 3221 632 3278 faciem
646 3220 738 3276 littore
753 3221 892 3279 dimovet:

353 3304 403 3359 Sic
418 3302 565 3359 desideriis
579 3301 636 3357 icta
650 3300 782 3356 fidelibus

510 3381 624 3442 Quaerit
637 3380 727 3455 patria
741 3380 895 3438 Caesarem.

352 3460 448 3518 Tutus
461 3461 512 3517 bos
526 3460 631 3516 etenim
645 3478 711 3515 rura
724 3461 917 3535 perambulat:

352 3539 382 3597 N
384 3541 450 3597 utrit
464 3559 529 3596 rura
543 3539 641 3609 Ceres,
656 3539 785 3613 almaque
799 3538 959 3596 Faustitas:
1027 3555 1031 3563 “

353 3620 491 3677 Pacatum
505 3619 622 3674 volitant
634 3637 684 3692 per
698 3636 775 3674 mare
787 3619 906 3675 navitae:

518 3696 635 3772 Culpari
648 3698 749 3754 metuit
762 3697 850 3754 Fides
863 3717 869 3754 :

354 3779 450 3836 Nullis
463 3777 597 3854 polluitur
612 3786 691 3833 casta
705 3777 806 3834 domus
820 3777 938 3853 stupris:

354 3857 419 3916 hlos
433 3869 461 3914 et
474 3859 520 3915 leii
534 3856 711 3913 maculosum
726 3858 853 3926 edomuit
867 3857 963 3914 nefas:

286 4006 289 4010 Δ
353 3938 519 3995 Laudantur
534 3936 618 3993 simili
633 3936 711 4011 prole
723 3955 886 4012 puerperae:

513 4017 635 4091 Culpam
650 4016 739 4072 Poena
753 4016 856 4090 premit
870 4033 975 4072 comes,

352 4095 430 4159 Quis
445 4097 580 4154 Parthum
593 4097 713 4171 paveatl
734 4096 797 4168 quis
811 4093 937 4169 gelidum
953 4093 1101 4171 Scythenl
1146 4092 1188 4153 25

353 4176 441 4249 Quis,
454 4175 609 4233 Germania
622 4193 692 4248 quos
706 4175 820 4231 horrida
833 4173 952 4251 parturit

512 4254 554 4312 6*
