3084 4900
428 648 429 651 Ἴ
527 586 726 636 ciuumuir
743 586 810 633 mn.
828 586 851 635 r.

351 731 440 795 Quod
454 730 528 788 latus
542 730 642 786 mundi
656 728 767 785 nebulae
782 728 929 805 malusque

548 808 660 884 Jupiter
675 820 775 882 urget;

350 890 429 947 Pone
444 888 497 944 sub
510 906 595 945 curru
609 883 731 943 nimium
744 887 895 963 propinqui

351 968 436 1038 Solis,
450 967 480 1024 in
494 966 569 1023 terrd
583 966 714 1023 domibus
728 967 851 1040 negati:

351 1043 445 1104 Dulce
460 1046 599 1102 ridentem
614 1043 740 1118 Lalagen
755 1045 866 1118 amabo,

547 1122 641 1181 Dulce
655 1124 827 1199 loquentem.

604 1441 687 1499 ODE
701 1442 771 1501 XX.

576 1578 616 1617 An
637 1580 805 1621 vinculum.

352 1681 432 1744 Quis
447 1679 587 1737 desiderio
600 1680 636 1736 sit
648 1682 739 1755 pudor
753 1691 803 1738 aut
815 1682 917 1739 modus

353 1760 430 1817 Tam
444 1760 503 1816 cari
517 1759 637 1833 capitisl
670 1760 798 1835 Praecipe
811 1760 947 1835 lugubres

353 1838 472 1909 Cantus,
487 1835 678 1912 Melpomene,
692 1839 740 1894 cui
753 1838 889 1913 liquidam
902 1840 987 1896 Pater

433 1917 542 1974 Vocem
556 1934 622 1972 cum
637 1917 747 1974 cithari
760 1917 847 1974 dedit.

353 1996 432 2073 Ergo
444 1994 637 2058 Quinctilium
650 2008 804 2072 perpetuus
818 2016 900 2073 sopor

353 2076 459 2153 Urget!
481 2075 529 2132 cui
543 2072 647 2148 Pudor,
662 2086 690 2132 et
704 2075 722 2131 J
725 2077 828 2134 ustitiae
842 2096 920 2135 soror

354 2155 523 2230 Incorrupta
536 2152 633 2226 Fides,
647 2156 780 2230 nudaque
794 2156 918 2229 Veritas,

430 2234 558 2295 Quando
571 2233 659 2290 ullum
674 2235 800 2292 inveniet
812 2237 931 2311 pareml
956 2279 977 2291 f

352 2310 452 2371 Multis
466 2312 513 2369 ille
527 2313 609 2369 bonis
623 2312 724 2370 flebilis
737 2315 844 2372 occidit
852 2334 860 2384 3

354 2391 436 2450 Nulli
449 2391 567 2450 flebilior
581 2391 667 2468 quim
680 2393 742 2467 tibi,
756 2394 868 2471 Virgili.

353 2473 403 2530 Tu
417 2469 520 2530 frustrd
533 2473 608 2546 pius,
623 2475 696 2530 heu!
719 2493 777 2530 non
792 2474 831 2531 ita
844 2473 986 2534 creditum

431 2551 531 2609 Poscis
543 2550 736 2610 Quinctilium
750 2553 827 2610 deos.

354 2625 444 2693 Quod
458 2628 482 2685 si
495 2628 635 2686 Threicio
648 2627 783 2686 blandius
796 2629 913 2706 Orpheo

355 2708 494 2767 Auditum
507 2706 654 2764 moderere
669 2708 815 2765 arboribus
828 2709 924 2784 fidem,

356 2786 425 2845 Non
438 2803 519 2842 vanae
532 2786 629 2843 redeat
642 2787 758 2862 sanguis
771 2788 890 2864 imagini

436 2864 535 2927 Quam
549 2864 627 2940 virgi
640 2867 728 2923 semel
742 2867 867 2941 horridi,

354 2943 424 3003 Non
437 2943 510 3002 lenis
522 2946 654 3019 precibus
668 2946 725 3003 fata
738 2947 896 3021 recludere,
992 2976 996 2982 >

354 3023 447 3100 Nigro
461 3023 628 3098 compulerit
641 3023 803 3083 Mercurius
816 3028 906 3104 gregi.

319 3166 322 3167 ⁷
355 3102 486 3161 Durum!
509 3102 568 3159 Sed
581 3103 672 3160 levius
686 3105 717 3162 fit
730 3106 868 3180 patientid

433 3181 583 3257 Quidquid
597 3184 738 3260 corrigere
752 3195 796 3242 est
808 3185 897 3243 nefas.

606 3496 690 3554 ODE
704 3496 790 3556 XXI.

562 3633 602 3672 nn
624 3632 702 3671 niro
722 3634 826 3674 nimir.

358 3735 456 3794 Musis
470 3734 589 3806 amicus,
603 3734 744 3791 tristitiam
758 3747 787 3792 et
801 3746 893 3793 metus

357 3815 485 3873 Tradam
499 3815 635 3890 protervis
648 3815 678 3870 in
692 3834 769 3871 mare
784 3815 930 3875 Creticum

397 3894 512 3951 Portare
526 3894 633 3951 ventis:
654 3892 718 3969 quis
731 3895 784 3951 sub
798 3895 889 3954 Arcto

437 3973 505 4029 Rex
518 3974 619 4048 gelidae
632 3985 774 4029 metuatur
786 3992 853 4045 orae,

358 4051 440 4112 Quid
454 4051 611 4109 Teridateu
625 4062 738 4123 terreat,
752 4050 839 4109 unice

361 4132 495 4188 Securua
535 4131 574 4204 Ο,
588 4151 650 4206 quae
665 4132 790 4188 fontibus
804 4132 922 4208 integris
