3084 4900
566 634 814 683 EPISTOLARUM
831 634 897 683 LIB.
914 636 936 683 1.
953 640 978 685 4.
1208 640 1266 699 149

315 776 396 837 Bella
408 775 471 853 quis
484 788 513 835 et
525 796 612 854 paces
625 778 743 853 longum
757 777 891 836 diffundit
903 777 933 835 in
949 797 1039 838 aevum
1050 781 1063 839 l

315 857 397 919 Quid
412 856 518 929 Titius,
532 856 666 914 Romana
679 857 757 915 brevi
771 868 906 915 venturus
920 858 949 915 in
963 878 1023 933 ora,

317 934 463 994 Pindarici
478 935 562 993 fontis
575 935 624 1011 qui
638 955 696 993 non
710 935 846 1011 expalluit
857 938 983 1011 haustus,

316 1015 458 1073 Fastidire
471 1014 550 1071 lacus
564 1026 593 1072 et
605 1015 679 1073 rivos
693 1034 780 1072 ausus
790 1017 921 1090 apertosl

317 1094 357 1153 Ut
370 1094 466 1151 valeti
486 1104 518 1150 ut
531 1094 661 1151 meminit
673 1094 783 1151 nostril
803 1094 944 1153 fidibusne
959 1094 1069 1153 Latinis

317 1173 475 1230 Thebanos
490 1183 585 1247 aptare
599 1173 698 1230 modos
712 1174 816 1245 studet,
832 1173 947 1249 auspice
961 1172 1070 1233 Musdl

318 1252 367 1309 An
381 1252 491 1327 tragica
504 1251 620 1309 desaevit
633 1262 662 1308 et
675 1250 844 1328 ampullatur
858 1253 887 1309 in
903 1254 985 1311 artel

316 1331 398 1393 Quid
410 1329 479 1386 mihi
495 1329 597 1387 Celsus
611 1330 689 1405 agitl
710 1332 844 1403 monitus,
856 1329 1034 1407 multumque
1043 1335 1213 1408 monendus,
1231 1336 1267 1391 15

317 1410 444 1467 Privatus
458 1420 489 1466 ut
502 1419 609 1483 quaerat
623 1429 701 1486 opes,
716 1421 744 1467 et
757 1420 875 1485 tangere
890 1411 957 1468 vitet

319 1490 431 1566 Scripta
444 1488 590 1545 Palatinus
604 1507 782 1563 quaecunque
796 1490 903 1564 recepit
917 1489 1036 1566 Apollo:

318 1568 374 1641 Ne,
389 1568 413 1625 si
427 1564 498 1625 forte
513 1585 578 1623 suas
591 1567 742 1642 repetitum
756 1568 863 1624 venerit
876 1568 943 1625 olim

317 1647 397 1705 Grex
410 1647 503 1704 avium
518 1646 639 1721 plumas,
654 1655 765 1704 moveat
779 1647 925 1703 cornicula
939 1647 1036 1719 risum,

318 1726 442 1784 Furtivis
456 1725 563 1782 nudata
576 1725 726 1782 coloribus.
768 1724 834 1799 Ipse
847 1726 916 1801 quid
930 1726 1038 1783 audesl
1227 1728 1267 1785 20

318 1806 396 1868 Quae
410 1803 618 1862 circumvolitas
633 1804 715 1879 agilis
730 1805 846 1878 thymal
868 1823 925 1860 non
940 1804 992 1861 tibi
1006 1824 1123 1879 parvum

320 1883 485 1961 Ingenium,
500 1902 558 1940 non
572 1881 712 1941 incultum
726 1893 779 1955 est,
794 1901 849 1939 nec
862 1883 980 1958 turpiter
994 1884 1108 1941 hirtum.

321 1965 380 2022 Seu
393 1964 523 2039 linguam
538 1962 633 2019 causis
647 1962 736 2034 acuis,
750 1980 802 2018 seu
816 1961 907 2019 civica
918 1962 983 2037 jura

321 2044 509 2119 Respondere
522 2060 614 2117 paras,
629 2060 680 2098 seu
694 2042 795 2100 condis
810 2041 930 2098 amabile
944 2060 1070 2115 carmen,

319 2123 415 2181 Prima
429 2122 502 2180 feres
517 2122 630 2177 hederae
644 2121 768 2180 victricis
781 2121 913 2197 praemia:
934 2118 1011 2196 quod
1025 2122 1049 2178 si
1227 2122 1267 2179 25

319 2202 368 2261 Fri
390 2203 436 2260 ida
450 2219 583 2258 curarum
598 2200 723 2259 fomenta
736 2200 896 2276 relinquere
909 2219 1016 2276 posses,

318 2282 390 2344 Quo
404 2292 433 2339 te
447 2279 569 2338 coelestis
583 2280 721 2355 sapientia
735 2281 863 2352 duceret,
877 2279 942 2336 ires.

320 2360 386 2419 Hoc
401 2380 481 2436 opus,
496 2361 550 2417 hoc
564 2360 690 2417 studium
703 2361 782 2435 parvi
795 2378 977 2435 properemus
990 2372 1020 2417 et
1033 2358 1128 2436 ampli,

321 2440 353 2498 Si
366 2440 464 2515 patriae
478 2440 616 2512 volumus,
632 2439 656 2497 si
670 2440 762 2512 nobis,
777 2440 870 2497 vivere
883 2439 950 2497 cari.

358 2519 455 2577 Debes
469 2521 524 2576 hoc
536 2517 623 2576 etiam
636 2519 803 2590 rescribere,
817 2518 842 2574 si
855 2518 907 2575 tibi
920 2537 1006 2589 curve,

318 2599 445 2661 Quantae
459 2596 619 2668 conveniat,
634 2595 802 2654 Munatius:
824 2616 861 2653 an
874 2594 949 2653 male
964 2607 1039 2654 sarta

319 2678 418 2736 Gratia
431 2676 622 2752 nequidquam
636 2676 694 2734 coit
708 2688 736 2732 et
749 2675 939 2733 rescinditurl
960 2686 1051 2732 atros

320 2759 379 2814 Seu
393 2757 502 2813 calidus
516 2754 643 2830 sanguiS,
657 2774 708 2812 seu
721 2773 817 2812 rerum
831 2754 947 2811 inscitia
961 2765 1043 2812 vexat

319 2836 465 2894 Indomita
479 2834 590 2890 cervice
605 2834 688 2906 feros,
703 2833 867 2908 ubicunque
880 2834 1008 2891 locorum

320 2915 433 2987 Vivitis,
448 2913 559 2988 indigni
575 2913 729 2971 fraternum
743 2932 875 2990 rumpere
889 2913 990 2985 foedus,

320 2995 449 3053 Pascitur
463 2994 493 3052 in
507 3004 631 3051 vestrum
645 2994 769 3051 reditum
782 2993 874 3051 votiva
885 2992 1016 3068 juvenca.

637 3308 841 3368 EPISTOLA
863 3308 916 3367 lv.

590 3448 631 3486 An
651 3447 768 3487 Abbium
789 3447 952 3486 TIBULLUM.

322 3552 410 3622 Anni,
425 3559 585 3608 nostrorum
601 3563 765 3604 sermonum
780 3546 902 3603 candide
913 3546 1011 3621 judex,

320 3630 403 3692 Quid
417 3647 496 3685 nunc
510 3639 538 3685 te
553 3626 646 3684 dicam
662 3625 756 3682 facere
770 3625 800 3681 in
816 3624 932 3700 regione
946 3623 1083 3697 Pedapbl

321 3708 453 3767 Scribere
466 3707 542 3782 quod
557 3704 639 3763 Cassi
655 3704 818 3761 Parmensis
830 3703 967 3778 opuscula
981 3702 1097 3760 vincatl

322 3788 370 3845 Au
384 3787 502 3845 tacitum
516 3785 600 3842 silvas
614 3785 687 3841 inter
702 3794 811 3859 reptare
826 3783 963 3855 salubres,

321 3867 478 3924 Curantem
492 3865 628 3940 quidquid
643 3864 762 3939 dignum
777 3862 907 3938 sapiente
921 3863 1051 3935 bonoque
1065 3861 1129 3919 estl

320 3944 388 4004 Non
403 3957 435 4003 tu
448 3963 550 4019 corpus
563 3963 626 4001 eras
640 3943 702 3999 si'ne
715 3951 840 4019 pectore.
881 3940 920 3997 Di
934 3941 985 3998 tibi
1000 3940 1128 4013 sormam,

320 4024 359 4083 Di
373 4025 425 4083 tibi
439 4023 550 4080 divitias
564 4023 712 4094 dederunt,
728 4033 872 4096 artemque
888 4019 1008 4076 fruendi.

358 4103 441 4166 Quid
456 4113 555 4159 voveat
569 4102 646 4159 dulci
660 4099 805 4158 nutricula
818 4098 909 4174 majus
923 4099 1049 4172 alumno,

321 4182 384 4250 Qui
398 4200 498 4260 sapere
513 4180 606 4317 eltafpri
620 4180 708 4257 possit
722 4198 786 4256 quae
799 4179 912 4251 sentiat,
927 4189 956 4236 et
970 4177 1017 4237 cui
