3084 4900
598 602 629 657 Q.
647 601 793 649 HORATII
811 601 943 650 FLACCI.

476 744 582 802 Tutela
597 747 721 802 Saturno
734 745 879 820 refulgens

514 823 636 899 Eripuit,
651 825 828 899 volucrisque
843 824 892 880 sati

435 900 573 960 Tardavit
587 903 655 975 alas,
670 922 757 978 quum
771 904 891 979 populus
906 903 1038 977 frequens

435 982 547 1040 Laetum
562 983 679 1039 theatris
693 993 735 1039 ter
750 983 861 1057 crepuit
876 1001 997 1039 sonum:

475 1059 525 1118 Me
539 1071 658 1118 truncus
673 1061 788 1134 illapsus
802 1059 919 1117 cerebro

515 1140 684 1208 Sustulerat,
699 1138 754 1194 nisi
768 1138 887 1194 Faunus
901 1138 991 1195 ictum
1075 1192 1079 1199 .

434 1217 543 1275 Dextra
557 1217 688 1284 levisset,
702 1216 918 1272 Mercurialium

434 1297 539 1353 Custos
554 1296 687 1352 virorum.
729 1295 866 1351 Reddere
880 1295 1010 1352 victimas

474 1374 636 1447 AEdemque
650 1374 772 1430 votivam
786 1384 950 1431 memento:

512 1452 575 1509 Nos
589 1453 727 1509 humilem
741 1453 875 1509 feriemus
890 1472 1004 1529 agnam.

624 1660 914 1669 —-—-——-.

686 1808 771 1866 ODE
791 1808 858 1867 XV.

593 1928 666 1986 Nou
680 1930 760 2001 ebur,
775 1948 868 2004 neque
882 1948 1001 1987 aureum

435 2007 504 2066 Mea
518 2008 630 2075 renidet
643 2009 673 2064 in
688 2009 772 2064 domo
786 2008 920 2064 lacunarr

594 2084 624 2142 N
626 2105 663 2141 on
671 2076 771 2141 'trabes
784 2086 938 2158 Hymettiae

434 2166 573 2223 Premunt
587 2164 735 2220 columnas
749 2163 850 2219 ultima
864 2165 970 2222 recisas

593 2241 708 2298 Africa:
730 2260 824 2315 neque
839 2242 930 2300 Attali

433 2323 554 2401 Ignotus
568 2322 658 2377 haeres
672 2321 779 2400 regiam
793 2322 946 2396 occupavi:

592 2400 658 2458 Nec
673 2399 832 2457 Laconicas
845 2401 916 2458 mihi
978 2443 981 2444 ν

433 2482 568 2540 Trahunt
582 2481 707 2538 honesta
721 2500 860 2556 purpuras
873 2481 995 2540 clientae.

591 2561 632 2618 At
646 2560 717 2617 fides
731 2571 760 2617 et
774 2558 872 2637 ingeni

408 2640 564 2738 &Benigne
577 2661 649 2699 vena
662 2652 704 2698 est
711 2661 718 2711 ;
740 2660 949 2717 pauperemque
964 2641 1042 2701 dives

592 2720 642 2779 Me
656 2722 740 2798 petit:
762 2721 833 2778 nihil
846 2721 932 2798 supra

433 2800 511 2860 Deos
525 2801 649 2870 lacesso;
670 2820 725 2857 nec
740 2811 885 2874 potentem
899 2801 1025 2859 amicum

592 2880 728 2954 Largiora
741 2878 847 2952 flagito,

434 2954 511 3016 Satis
523 2957 623 3014 beatus
637 2956 733 3012 unicis
746 2957 870 3013 Sabinis.

592 3035 732 3092 Truditur
745 3035 806 3091 dies
827 3036 883 3106 die,

425 3115 578 3190 ,Novaeque
591 3125 713 3190 pergunt
727 3114 842 3171 interire
856 3115 946 3170 lunae:

592 3193 639 3249 Tu
655 3193 779 3250 secanda
793 3212 933 3250 marmora

433 3274 527 3332 Locas
540 3274 593 3329 sub
607 3273 698 3348 ipsum
713 3272 812 3340 funus3
834 3285 872 3343 et,
887 3272 1010 3346 sepulcri

591 3350 754 3423 Immemor,
769 3351 854 3407 struis
868 3351 980 3421 domos3

434 3430 578 3506 Marisque
592 3430 670 3488 Baiis
683 3430 871 3505 obstrepentis
885 3449 970 3506 urges

593 3511 767 3568 submovere
781 3510 884 3581 littora,

416 3589 536 3670 (Parum
551 3590 677 3667 locuples
691 3590 855 3648 continente
869 3587 939 3664 ripri.

415 3674 420 3717 l
592 3671 692 3732 Quidl
714 3670 790 3745 quod
805 3688 892 3744 usque
905 3667 1047 3744 proximos

432 3748 560 3805 Revellis
574 3749 634 3822 agri
648 3751 793 3818 terminos
808 3758 836 3804 et
850 3748 923 3803 ultra

591 3827 711 3883 Limites
725 3826 872 3883 clientium

433 3904 507 3964 Salis
521 3923 634 3974 avarus3
655 3905 767 3979 pellitur
780 3914 912 3980 paternos

591 3982 626 4040 In
642 3985 705 4040 sinu
721 3985 814 4040 ferens
828 3983 900 4040 deos¹

433 4063 472 4123 Et
485 4083 565 4136 uxor,
579 4074 608 4121 et
621 4063 672 4134 vir,
686 4063 868 4136 sordidosque
882 4063 977 4120 natosl

591 4142 680 4200 Nulla
694 4143 796 4200 certior
810 4153 916 4214 tamen,
