3084 4900
563 628 770 679 santernum
788 629 853 678 mu.
871 628 906 677 11.
924 605 949 676 a

297 774 406 831 Verum
419 772 457 831 ob
470 772 621 830 consilium
635 773 742 831 donent
756 773 885 831 tonsore!
921 769 981 830 Sed
995 770 1073 829 unde

296 852 373 910 Tam
386 853 460 910 bene
474 871 520 909 me
534 850 630 909 ndstil

664 998 839 1033 naumurum
888 970 891 977 Ι

729 1085 883 1160 Postquam
896 1085 991 1143 omnis
1003 1103 1049 1143 res
1062 1101 1127 1143 mea
1139 1083 1159 1141 J
1160 1104 1246 1144 anum

297 1167 345 1224 Ad
359 1164 486 1222 medium
500 1164 589 1221 fracta
601 1174 654 1235 est,
668 1163 762 1222 aliena
772 1165 888 1241 negotia
901 1183 980 1238 curo,

296 1245 442 1302 Excussus
454 1244 581 1320 propriis.
616 1242 694 1300 Olim
709 1262 777 1300 nam
791 1262 918 1319 quaerere
932 1243 1062 1303 amabam
1207 1244 1247 1303 2⁰

215 1340 218 1345 ·
275 1328 280 1336 ‘
294 1325 364 1386 Quo
378 1324 453 1381 vafer
466 1324 513 1381 ille
526 1323 614 1399 pedes
627 1321 740 1380 lavisset
754 1322 891 1398 Sisyphus
905 1341 970 1395 aere,

295 1403 377 1465 Quid
391 1403 533 1479 sculptum
548 1399 668 1473 infabre,
683 1401 750 1476 quid
766 1402 861 1459 fusum
875 1399 974 1460 durius
984 1412 1078 1474 esset3

297 1482 427 1539 Callidus
440 1483 508 1539 huic
519 1483 600 1558 signo
613 1480 754 1557 ponebam
768 1481 856 1538 millia
869 1492 985 1539 centum
997 1501 1006 1553 3

296 1561 402 1619 Hortos
415 1562 599 1638 egregiasque
613 1561 712 1618 domos
726 1560 879 1617 mercarier
892 1579 968 1618 unus

296 1641 372 1697 Cum
386 1641 464 1698 lucro
475 1638 592 1697 ndram:
614 1640 691 1696 unde
706 1638 863 1713 frequentia
876 1636 1050 1697 Mercuriale
1207 1640 1248 1698 25

297 1717 464 1796 Imposuere
479 1719 549 1776 mihi
564 1736 724 1795 cognomen
739 1718 874 1793 compita.

679 1864 825 1898 HORATIUS·

296 2032 335 2091 Et
347 2032 438 2091 morbi
452 2031 538 2090 miror
551 2042 702 2109 purgatum
715 2040 743 2088 te
758 2029 842 2089 illius.
926 1951 1019 2012 Now·

648 2152 649 2156 ¹
663 2180 839 2213 vantsumu-t.

296 2346 409 2405 Emovit
422 2357 545 2405 veterem
559 2344 630 2404 mire
646 2366 744 2418 novus,
759 2359 791 2405 ut
804 2348 885 2420 solet,
900 2270 1010 2407 bilbilil

296 2425 432 2502 Trajecto
446 2426 542 2484 lateris
555 2426 651 2484 miseri
666 2427 820 2503 capitisque
835 2427 949 2486 dolore:

295 2505 336 2563 Ut
348 2506 521 2583 lethargicus
534 2507 592 2577 hic,
605 2525 693 2581 quum
707 2507 738 2566 fit
751 2506 840 2583 pugil,
854 2517 884 2563 et
894 2508 1038 2564 medicum
1052 2519 1142 2584 urget
1208 2510 1248 2568 30

678 2653 823 2686 HORATIUS·

296 2739 374 2798 Dum
387 2733 503 2815 nequid
518 2739 609 2796 simile
623 2739 701 2812 huic,
715 2749 776 2797 esto
789 2751 822 2797 ut
834 2740 911 2799 libet.

663 2887 838 2921 nauasrrt’tn.

927 2979 955 3036 Ο
969 2977 1053 3052 bone,
1068 2999 1105 3038 ne
1118 2991 1148 3040 te

295 3055 458 3125 Frustrere3
481 3054 588 3111 insanis
602 3065 631 3112 et
643 3064 684 3127 tn,
698 3055 832 3130 stultique
845 3054 933 3132 prope
947 3076 1057 3133 omnes,

296 3136 408 3211 Siquid
425 3135 577 3192 Stertinius
591 3133 650 3190 veri
664 3146 779 3210 crepat3
794 3137 871 3192 unde
882 3156 935 3213 ego
949 3137 1022 3196 mira

295 3214 440 3291 Descripsi
455 3213 554 3271 docilis
567 3225 709 3289 praecepta
723 3215 795 3287 haeo,
809 3226 1006 3292 temporeque
1020 3236 1066 3275 me

295 3293 408 3351 Solatns
419 3292 503 3368 jussit
516 3293 673 3366 sapientem
687 3311 804 3368 pascere
818 3294 944 3367 barbam,
1206 3300 1245 3358 35

236 3402 238 3408 v
294 3373 390 3447 Atque
404 3392 420 3429 e
435 3371 568 3428 Fabricio
582 3390 640 3427 non
655 3371 763 3427 tristem
777 3384 863 3447 ponte
876 3374 987 3431 reverti.

294 3450 371 3508 Nam
386 3447 460 3507 male
475 3469 505 3506 re
519 3449 600 3525 gesti
614 3467 701 3523 quum
716 3449 817 3506 vellem
832 3452 942 3508 mittere
956 3463 1055 3528 operto

294 3530 344 3587 Me
358 3530 450 3605 capite
464 3529 494 3586 in
508 3527 624 3596 flumen,
639 3528 737 3584 dexter
751 3529 846 3585 stetit:
867 3541 905 3601 et,
927 3535 945 3560 ‘⁴
957 3531 1034 3588 Cave
1048 3530 1120 3588 faxis

294 3610 340 3666 Te
354 3609 506 3683 quidquam
520 3607 688 3681 indignum;
709 3607 828 3679 pudor,”
843 3607 944 3681 inquit,
960 3613 1017 3666 “te
1037 3610 1129 3668 malus
1141 3623 1233 3687 urget,

294 3687 414 3745 Insanos
427 3686 475 3762 qui
489 3687 562 3743 inter
576 3703 690 3741 vereare
704 3684 822 3741 insanus
835 3686 941 3743 haberi.
1204 3691 1244 3749 40

293 3764 422 3824 Primum
435 3784 503 3822 nam
514 3763 654 3839 inquiram
668 3763 736 3838 quid
750 3763 787 3820 sit
801 3764 911 3822 furere:
933 3766 988 3824 hoo
1000 3766 1025 3824 si
1038 3765 1093 3826 erit
1105 3766 1136 3826 in
1149 3778 1178 3827 te

295 3846 371 3917 Solo,
386 3844 426 3901 nil
441 3845 528 3915 verbi,
542 3862 642 3919 pereas
656 3843 725 3918 quin
740 3843 856 3916 fortiter,
871 3845 982 3902 addam.

292 3925 392 3988 Quem
406 3923 481 3980 mala
494 3922 613 3980 stultitia
626 3932 655 3979 et
668 3941 867 3998 quemcunque
878 3923 993 3982 inscitia
1005 3925 1064 3982 veri
1165 3919 1168 3922 ⁴

293 4002 412 4061 Caecum
427 4001 495 4077 agit,
510 4001 642 4058 insanum
657 4001 810 4078 Chrysippi
822 4002 948 4079 porticus
961 4014 990 4060 et
1002 4023 1073 4080 grex

293 4082 441 4139 Autumat.
477 4080 550 4136 Haec
563 4080 690 4156 populos,
705 4081 767 4137 haec
781 4101 899 4157 magnos
913 4081 1033 4141 formula
1045 4101 1137 4160 reges,
1203 4085 1242 4143 45

293 4159 421 4236 Excepto
435 4159 669 4294 sapienteltlenet.
704 4157 794 4217 Nunc
807 4161 906 4237 accipe
919 4179 1007 4235 quare
