3084 4900
509 606 756 656 EPISTOLARUM
772 609 839 657 LIB.
857 610 878 657 1.
895 612 919 658 2.

578 829 783 913 sussum
803 829 844 888 11.

614 968 655 1006 An
670 967 802 1007 LOLLIUM

253 1070 394 1129 Tsomru
408 1068 475 1126 belli
489 1068 664 1143 scriptorem,
678 1067 802 1125 maxime
816 1068 899 1142 Lolli,

254 1150 335 1208 Dum
348 1160 380 1206 tu
394 1147 537 1207 declamas
551 1147 664 1219 Romae,
679 1147 823 1205 Praeneste
836 1149 944 1225 relegi3

253 1230 328 1302 Qui,
342 1228 409 1304 quid
420 1228 456 1284 sit
465 1227 626 1302 pulchrum,
641 1226 709 1301 quid
723 1239 815 1301 turpe,
829 1228 897 1302 quid
911 1228 990 1302 utile,
1004 1230 1073 1306 quid
1086 1250 1155 1305 non,

254 1306 374 1367 Planids
388 1325 422 1363 ac
436 1304 538 1363 melitis
552 1306 710 1381 Chrysippo
724 1319 752 1363 et
766 1306 905 1365 Crantore
920 1309 998 1367 dicit

254 1388 316 1446 Cur
330 1387 370 1443 ita
383 1385 562 1457 crediderim,
576 1385 631 1442 nisi
645 1385 713 1460 quid
726 1396 754 1442 te
769 1385 887 1459 detinet,
902 1389 977 1445 audi.
1185 1392 1206 1449 5

295 1465 415 1536 Fabula,
428 1466 485 1539 qut
498 1464 608 1521 Paridis
621 1476 733 1540 propter
747 1475 876 1523 narratur
890 1487 1015 1525 amorem

253 1545 368 1604 Graecia
381 1544 516 1601 barbarias
530 1544 608 1601 lento
621 1544 718 1600 collisa
732 1542 836 1615 duello,

255 1625 413 1683 Stultorum
425 1642 526 1699 regum
539 1635 568 1679 et
582 1623 749 1698 populorum
764 1623 892 1681 continet
906 1634 998 1683 aestus.

254 1706 387 1762 Antenor
400 1713 499 1760 censet
509 1702 576 1757 belli
589 1700 743 1777 praecidere
758 1719 881 1758 causam.

253 1784 336 1846 Quid
350 1781 452 1840 Parisl
473 1791 505 1838 ut
519 1780 611 1836 salvus
624 1790 724 1855 regnet
737 1779 865 1854 vivatque
879 1781 988 1855 beatus,
1168 1786 1206 1842 10

254 1863 329 1939 Cogi
342 1879 424 1938 posse
438 1870 532 1935 negat.
573 1858 678 1915 Nestor
692 1877 862 1933 componere
876 1859 939 1916 lites

255 1943 334 2000 Inter
348 1941 467 1999 Peliden
481 1938 593 1996 festinat
607 1949 635 1995 et
649 1938 722 1995 inter
736 1937 876 1995 Atriden:

254 2022 344 2080 Hunc
358 2039 445 2090 amor,
460 2020 501 2075 ira
514 2018 628 2093 quidem
642 2018 831 2075 communiter
845 2018 901 2076 urit
915 2029 1072 2096 utrumque.

253 2100 405 2175 Quidquid
419 2097 539 2155 delirant
553 2117 644 2173 reges
658 2097 822 2172 plectuntur
836 2098 949 2156 Achivi.

214 2171 221 2186 ’
255 2180 411 2250 Seditione‚
426 2178 507 2249 dolis,
521 2178 638 2250 scelere,
653 2188 735 2252 atque
749 2176 868 2234 libidine
882 2189 911 2236 et
924 2177 976 2252 ira,
1168 2181 1205 2238 15

254 2259 358 2316 Iliacos
371 2258 445 2314 intra
458 2277 552 2315 muros
565 2268 700 2333 peccatur
714 2268 742 2315 et
756 2268 842 2314 extra.

294 2338 416 2409 Rursus,
430 2338 498 2411 quid
512 2337 599 2394 virtus
614 2337 724 2411 etquid
738 2337 876 2411 sapientia
889 2338 986 2412 possit,

253 2417 330 2476 Utile
343 2416 486 2492 proposuit
499 2416 582 2473 nobis
593 2416 737 2491 exemplar
751 2415 898 2490 Ulyssem;

252 2497 326 2569 Qui,
340 2496 460 2553 domitor
474 2493 580 2570 Trojae,
595 2495 748 2551 multorum
762 2496 894 2568 providus
909 2496 992 2552 urbes

255 2576 293 2633 Et
306 2593 400 2631 mores
414 2572 561 2630 hominum
575 2573 712 2647 inspexit;
734 2573 877 2647 latumque
892 2593 941 2648 per
956 2592 1059 2647 aequor,

254 2654 332 2710 Dum
347 2652 410 2725 sibi,
422 2652 490 2707 dum
501 2651 586 2707 sociis
600 2651 721 2707 reditum
736 2661 825 2725 parat,
839 2671 938 2727 aspera
951 2652 1041 2709 multa

254 2730 383 2801 Pertulit,
398 2729 521 2787 adversis
534 2748 628 2786 rerum
643 2729 839 2785 immersabilis
854 2731 946 2788 undis.

254 2812 389 2869 Sirenum
403 2827 486 2866 voces
500 2819 529 2865 et
543 2808 640 2864 Circae.
650 2808 752 2882 pocula
766 2807 858 2878 ndsti3

252 2891 330 2953 Quae
344 2888 367 2945 si
382 2907 449 2944 cum
463 2888 547 2944 sociis
562 2887 664 2945 stultus
678 2888 853 2963 cupidusque
868 2888 993 2962 bibisset,

254 2971 316 3027 Sub
329 2968 445 3025 dominia
459 2967 607 3024 meretrice
622 2967 719 3024 fuisset
732 2968 821 3042 turpis
835 2978 863 3024 et
877 2987 986 3042 excors,

253 3048 379 3106 Vixisset
392 3047 472 3104 canis
486 3047 660 3118 immundus,
675 3047 718 3103 vel
733 3048 826 3104 amica
838 3048 898 3105 luto
908 3067 964 3106 sus.

292 3126 355 3184 Nos
369 3146 505 3183 numerus
519 3145 626 3197 sumus,
641 3139 669 3183 et
684 3126 778 3201 fruges
792 3147 959 3185 consumere
973 3127 1042 3202 nati,

253 3207 357 3282 Sponsi
371 3206 530 3279 Penelopae,
545 3205 711 3278 nebulones,
728 3207 899 3281 Alcinoique

253 3285 288 3342 In
300 3297 365 3343 cute
379 3285 506 3341 curanda
519 3283 582 3360 plus
597 3304 676 3359 aequo
689 3297 803 3359 operata
813 3287 965 3360 juventus3

253 3365 309 3422 Cui
323 3366 473 3440 pulchrum
488 3363 540 3419 fuit
553 3363 583 3419 in
598 3364 706 3420 medios
721 3365 843 3420 dormire
858 3365 928 3435 dies,
942 3375 972 3421 et

253 3445 301 3500 Ad
316 3444 461 3519 strepitum
476 3441 591 3498 citharas
606 3453 746 3499 cessatum
761 3445 866 3499 ducere
881 3462 987 3499 curam.

253 3523 292 3580 Ut
302 3523 434 3598 jugulent
449 3521 602 3593 hominem,
619 3531 739 3596 surgunt
753 3523 789 3577 de
804 3531 886 3578 nocte
900 3522 1042 3603 latrones:

253 3602 292 3658 Ut
304 3602 426 3676 teipsum
440 3619 543 3671 serves,
558 3620 615 3657 non
630 3600 853 3676 expergisceris?
876 3600 965 3674 Atqui

253 3681 284 3737 Si
299 3681 379 3737 noles
393 3699 488 3750 sanuS,
504 3697 600 3735 curres
614 3680 802 3754 hydropicus:
824 3690 862 3750 et,
876 3679 906 3735 ni

252 3759 357 3816 Posces
372 3771 437 3816 ante
452 3759 528 3814 diem
542 3759 645 3815 librum
656 3778 723 3815 cum
736 3759 854 3829 lumine,
869 3758 893 3813 si
907 3777 965 3815 non

252 3838 390 3895 Intendes
404 3839 530 3895 animum
545 3839 644 3895 studiis
659 3849 687 3895 et
701 3839 785 3894 rebus
799 3837 940 3906 honestis;

252 3916 365 3974 invidia
379 3918 421 3974 vel
436 3937 531 3974 amore
545 3917 611 3992 vigil
626 3918 800 3992 torquebere.
842 3915 919 3972 Nam
932 3934 993 3988 cur,

251 3997 327 4056 Quas
342 3998 449 4052 laedunt
459 3997 584 4068 oculum,
601 3997 717 4053 festinas
732 3997 847 4052 demere
856 4017 863 4064 ;
886 3996 908 4051 si
923 3995 991 4069 quid

252 4075 304 4132 Est
318 4077 454 4145 animum,
471 4075 566 4132 differs
580 4076 699 4132 curandi
714 4086 825 4150 tempus
839 4075 869 4131 in
883 4075 1011 4131 annurnl

251 4155 410 4212 Dimidium
425 4154 501 4228 facti,
515 4154 563 4228 qui
578 4156 673 4231 coepit,
688 4156 791 4212 habet:
812 4172 910 4231 sapere
924 4154 1017 4225 aude;
