3084 4900
638 618 669 674 Q.
687 615 834 665 HORATII
851 614 976 665 FLACCI

701 838 785 897 ODE
806 837 924 895 XVIII.

602 976 637 1016 IN
650 975 770 1014 DIANAM
783 974 824 1013 ΕΤ
837 973 1019 1013 APOLLINEM·

409 1067 441 1160 ll
476 1076 602 1135 Dmrmra
615 1086 721 1133 tenerae
735 1072 822 1130 dicite
836 1072 976 1147 virgines:

474 1156 634 1225 Intonsum,
648 1153 739 1228 pueri,
754 1151 840 1208 dicite
854 1151 1029 1225 Cynthium:

632 1231 827 1304 Latonamque
842 1249 973 1305 supremo

593 1310 735 1368 Dilectam
749 1305 864 1385 penitirs
877 1308 949 1367 Iovi.

475 1391 535 1449 Vos
548 1390 643 1447 laetam
657 1388 757 1461 fluviis,
772 1398 801 1444 et
815 1407 963 1454 nemorum
977 1388 1070 1461 comt,

472 1470 664 1543 Quaecunque
678 1478 726 1525 aut
740 1468 835 1544 gelido
847 1468 988 1542 prominet
1002 1467 1118 1544 Algido,

634 1546 733 1623 Nigris
747 1558 796 1603 aut
810 1545 979 1620 Erymanthi

594 1626 687 1697 Silvis,
699 1637 747 1682 aut
760 1625 857 1681 viridis
872 1625 975 1701 Gragi:

474 1706 535 1764 Vos
548 1706 661 1781 Tempe
675 1706 792 1763 totidem
806 1704 894 1761 tollite
908 1704 1049 1775 laudibus,

474 1784 506 1843 N
507 1786 674 1861 atalemque,
688 1803 790 1856 mares,
805 1783 898 1840 Delon
913 1784 1065 1860 Apollinis,
1257 1782 1309 1843 vlll

633 1863 837 1940 Insignemque
850 1864 993 1938 pharetra,

592 1943 788 2017 Fraternaque
802 1944 950 1999 humerum
965 1941 1035 2016 lyra.

475 2022 534 2079 Hic
547 2022 652 2079 bellum
666 2023 865 2095 lacrymosum,
880 2021 927 2077 hic
941 2022 1073 2077 miseram
1088 2017 1192 2076 samem
1257 2020 1261 2031 '

474 2100 651 2175 Pestemque‚
667 2119 683 2156 a
696 2098 800 2173 populo
813 2109 842 2154 et
855 2099 982 2173 principe
996 2099 1120 2170 Caesare,
1133 2097 1165 2155 in

632 2178 733 2234 Persas
747 2188 831 2248 atque
845 2175 997 2234 Britannos
1273 2178 1313 2237 15

594 2256 698 2314 Vestra
712 2267 805 2314 motus
819 2266 884 2330 aget
896 2274 990 2331 prece.

720 2573 804 2632 cun
819 2556 905 2634 xrx.

633 2678 673 2753 All
694 2714 842 2755 ARISTIUM
862 2714 990 2754 FUSCUM.

475 2813 615 2871 In‘rncnn
627 2814 691 2871 vitae
706 2813 876 2888 scelerisque
889 2833 977 2889 purus

476 2891 545 2950 Non
559 2902 624 2967 eget
637 2891 747 2948 Mauris
759 2892 871 2965 jaculis,
885 2911 977 2966 neque
991 2909 1070 2964 arcu,

476 2969 542 3027 Nec
556 2970 702 3026 venenatis
716 2971 833 3044 gravida
848 2970 967 3043 sagittis,

673 3049 778 3120 Fusce,
791 3049 940 3124 pharetrl23

477 3128 543 3186 Sive
557 3146 607 3203 per
622 3127 718 3201 Syrtes
733 3128 786 3184 iter
800 3140 944 3198 aestuosas,

478 3207 544 3264 Sive
559 3207 683 3263 facturus
696 3226 746 3282 per
761 3206 958 3281 inhospitalem

477 3286 650 3358 Caucasum,
665 3287 707 3343 vcl
722 3306 785 3360 quae
799 3287 862 3344 loca
876 3285 1020 3342 fabulosus

673 3365 788 3422 Lambit
800 3365 960 3440 Hydaspes.

476 3442 609 3519 Namque
623 3463 669 3500 me
683 3445 753 3501 silva
767 3444 851 3519 lupus
865 3444 895 3500 in
910 3441 1029 3514 Sabina,

476 3523 554 3581 Dum
568 3543 661 3581 meam
675 3535 760 3581 canto
774 3523 911 3599 Lalagen,
925 3533 954 3580 et
967 3521 1042 3578 ultra
1054 3561 1056 3570 ·
1270 3519 1308 3578 10

476 3602 647 3661 Terminum
662 3604 738 3660 curis
751 3623 836 3679 vagor
847 3600 996 3679 expeditiS,
1049 3615 1051 3627 ¹

674 3683 761 3758 Fugit
776 3685 932 3741 inermem:

475 3760 572 3822 Quale
585 3772 746 3836 portentum
758 3781 850 3836 neque
865 3758 992 3817 militaris

476 3838 605 3896 Daunias
617 3840 681 3896 latis
696 3841 745 3897 alit
760 3839 916 3907 aesculetis3

443 3960 452 3968 .
477 3916 542 3975 Nec
556 3917 574 3974 J
577 3920 639 3976 ubae
653 3919 735 3976 tellus
749 3928 877 3994 generat,
891 3918 1006 3974 leonum

675 3998 766 4054 Arida
781 3997 884 4054 nutrix.

477 4074 555 4133 Pone
569 4094 615 4133 me
627 4076 715 4152 pigris
729 4076 779 4133 ubi
792 4075 871 4133 nulla
885 4073 994 4150 campis

486 4154 571 4213 tabor
585 4155 681 4213 aestiva
694 4165 838 4213 recreatur
852 4153 932 4226 aurai,

599 4352 610 4381 θ
