3084 4900
672 618 812 667 EPODON
828 618 941 667 LIBER.

472 761 586 821 Inultus
597 774 628 821 ut
639 774 670 821 tu
684 762 780 821 riseris
793 763 918 839 Cotyttia

472 843 607 918 Vulgata,
622 855 735 899 snorum
749 843 830 899 liberi
845 842 1019 918 Cupidinis?

471 921 510 979 Et
523 922 664 998 Esquilini
677 922 805 999 pontifex
818 921 938 979 venefici

472 999 596 1077 Impune
608 1012 640 1058 nt
653 1003 751 1059 urbem
766 1002 882 1058 nomine
897 1000 1023 1077 impleris
1036 1003 1120 1061 meol

471 1079 554 1141 Quid
567 1082 698 1156 proderat
711 1080 816 1137 ditdsse
830 1080 963 1155 Pelignas
976 1100 1058 1155 anus,

473 1160 643 1218 Velociusve
657 1158 805 1216 miscuisse
819 1160 945 1215 toxicum
957 1161 968 1216 l

474 1241 532 1296 Sed
546 1240 669 1295 tardiora
680 1239 737 1295 fata
750 1248 779 1294 te
793 1238 863 1294 votis
877 1246 1001 1295 manent.

472 1316 590 1393 Ingrata
603 1318 706 1375 misero
720 1317 776 1373 vita
790 1317 923 1373 ducenda
936 1328 989 1388 est,
1004 1318 1035 1375 in
1049 1320 1115 1393 hoo,

472 1396 562 1453 Novis
576 1408 710 1471 utusque
724 1406 856 1471 suppetas
870 1396 1022 1454 doloribus.

472 1475 561 1550 Optat
573 1476 697 1549 quietern
711 1475 824 1554 Belopis
839 1475 943 1531 infidus
955 1487 1044 1551 pater,

472 1556 568 1629 Egens
584 1554 714 1630 benignae
726 1554 867 1611 Tantalus
881 1573 991 1629 semper
1003 1555 1099 1631 dapis;

472 1635 562 1709 Optat
575 1634 760 1691 Prometheus
774 1633 914 1707 obligatus
928 1634 1001 1691 aliti:

471 1714 560 1791 Optat
573 1732 705 1789 supremo
718 1713 857 1770 collocare
872 1714 1011 1788 Sisyphus

472 1793 508 1852 In
523 1803 618 1851 monte
632 1811 748 1849 saxum:
770 1793 820 1849 sed
834 1804 930 1849 vetant
942 1793 1020 1869 leges
1033 1791 1121 1851 Jovis.

472 1874 560 1932 Voles
573 1870 658 1929 modd
674 1872 738 1929 altis
752 1872 865 1929 desilire
879 1872 1013 1943 turribus,

472 1951 562 2010 Modd
577 1971 646 2009 ense
659 1962 760 2026 pectus
774 1950 883 2008 Norico
897 1951 1062 2021 recludere3

471 2028 646 2106 Frustrdque
660 2030 754 2086 vincla
767 2031 874 2105 gutturi
886 2041 984 2087 nectes
998 2040 1057 2102 tuo,

471 2110 632 2167 Fastidiose
646 2109 732 2165 tristis
746 2109 920 2184 aegrimoniir.

471 2190 614 2247 Vectabor
629 2187 754 2244 humeris
767 2199 837 2244 tuno
851 2206 905 2262 ego
916 2187 1040 2245 inimicis
1053 2206 1151 2265 eques,

471 2264 602 2343 Meaeque
615 2278 690 2323 terra
704 2266 788 2323 cedet
801 2266 967 2323 insolentia.

470 2349 529 2418 An,
543 2365 606 2422 quae
619 2364 731 2402 movere
745 2364 843 2402 cereas
857 2346 996 2422 imagines

472 2425 524 2504 (Ut
538 2426 597 2502 ipse
611 2424 687 2482 ndsti
702 2424 856 2504 curiosus),
870 2435 899 2483 et
911 2425 977 2503 polo

470 2506 609 2583 Deripere
622 2505 735 2562 Lunam
750 2506 866 2563 vocibus
879 2506 985 2583 possim
998 2506 1080 2582 meis,

470 2584 581 2643 Possim
595 2595 734 2644 crematos
748 2586 872 2644 excitare
886 2598 1021 2661 mortuos,

470 2665 658 2741 Desiderique
672 2676 830 2741 temperare
843 2666 988 2742 poculum,

470 2745 583 2804 Plorem
598 2745 665 2803 artis
678 2745 708 2802 in
722 2756 750 2803 te
764 2746 805 2803 nil
819 2745 950 2805 habentis
963 2745 1071 2804 exitum
1078 2744 1092 2804 l
1093 2762 1169 2980 >k
