3084 4900
649 595 679 651 Q.
697 594 844 654 HORATII
861 594 985 643 mccl

684 815 889 874 EPISTOLA
903 815 943 874 X.

640 954 681 992 AD
695 954 813 994 Fuscum
827 954 981 994 amsrwnr.

357 1054 452 1113 Unnrs
467 1064 620 1113 amatorem
635 1052 762 1110 Fuscum
778 1054 885 1111 salvere
896 1053 1030 1128 jubemus

357 1134 448 1192 Ruris
461 1133 619 1202 amatores}
641 1134 697 1190 haic
711 1133 741 1189 in
756 1152 787 1189 re
802 1132 912 1189 scilicet
925 1134 985 1191 und

356 1210 481 1271 Multum
495 1213 655 1283 dissimiles,
669 1212 705 1268 ad
720 1222 823 1268 caetera
836 1209 911 1287 peno
926 1212 1048 1286 gemelli.

356 1290 501 1349 Fraternis
515 1291 627 1363 animis,
640 1290 777 1365 quidquid
790 1302 876 1365 negat
890 1292 970 1362 alter,
981 1303 1010 1349 et
1021 1292 1108 1352 alter:

356 1371 520 1428 Annuimus
535 1370 648 1444 pariter,
663 1369 748 1426 vetuli
762 1370 878 1444 notique
892 1370 1033 1441 columbi3
1286 1376 1308 1432 5

356 1449 405 1506 Tu
419 1449 518 1506 nidum
533 1468 635 1519 servas,
650 1467 703 1523 ego
716 1448 802 1506 laudo
816 1450 888 1506 ruris
902 1448 1008 1505 amoeni

355 1528 455 1599 Rivos,
469 1538 498 1585 et
512 1546 610 1585 musco
624 1527 785 1585 circumlita
798 1547 875 1599 saxa,
890 1547 1055 1603 nemusque.

354 1606 436 1668 Quid
449 1606 573 1681 quaerisl
594 1607 666 1677 vivo,
680 1618 709 1663 et
722 1625 821 1682 regno,
835 1607 918 1664 simul
933 1608 986 1664 ista
999 1608 1100 1683 reliqui

353 1685 430 1747 Quae
444 1706 493 1743 vos
507 1686 543 1742 ad
557 1686 660 1743 coelum
675 1685 781 1743 effertis
795 1706 908 1743 rumore
922 1688 1064 1744 secundo:

354 1763 447 1840 thue
461 1765 615 1822 sacerdotis
629 1764 772 1840 fugitivus,
786 1765 844 1822 liba
856 1784 958 1822 recuso
966 1785 974 1835 ;

354 1844 432 1901 Pane
445 1863 526 1920 egeo,
538 1844 596 1919 jam
610 1843 723 1900 mellitis
737 1844 845 1919 potiore
858 1844 1005 1920 placentis.

392 1922 496 1980 Vivere
510 1934 619 1980 naturae
633 1923 657 1979 si
671 1924 873 1981 convenienter
887 1935 1005 1999 oportet,

355 2000 553 2077 Ponendaeque
567 2004 651 2059 domo
665 2004 819 2075 quaerenda
833 2013 875 2059 est
889 2022 954 2059 area
968 1998 1110 2078 primbm3

354 2080 502 2138 Novistine
516 2082 611 2138 locum
624 2081 761 2155 potiorem
775 2100 840 2138 rure
855 2082 959 2139 beatol

353 2159 406 2217 Est
419 2160 468 2216 ubi
482 2157 546 2235 plirs
559 2169 674 2235 tepeant
687 2159 818 2217 hiemesl
838 2161 887 2217 ubi
901 2160 1005 2235 gratior
1019 2180 1089 2219 aura
1265 2165 1304 2221 15

353 2238 456 2297 Leniat
470 2249 499 2296 et
513 2238 621 2295 rabiem
635 2238 735 2310 Canis,
747 2248 776 2295 et
789 2250 932 2296 momenta
947 2239 1063 2310 Leonis,

351 2317 453 2379 Quum
468 2317 555 2375 semel
570 2317 681 2392 accepit
694 2317 782 2374 solem
797 2317 965 2375 furibundus
979 2319 1117 2377 acutum!

352 2395 405 2455 Est
418 2397 467 2454 ubi
479 2396 593 2454 divellat
606 2415 719 2454 somnos
733 2394 829 2454 minus
843 2397 938 2456 invida
951 2399 1043 2456 cura'l

352 2474 487 2534 Deterids
500 2476 616 2551 Libycis
626 2475 683 2534 olet
697 2488 747 2533 aut
759 2477 831 2534 nitet
845 2478 932 2535 herba
946 2478 1069 2554 lapillist

352 2555 453 2614 Purior
467 2555 497 2612 in
511 2555 580 2612 vicis
595 2575 666 2631 aqua
676 2556 768 2612 tendit
781 2575 912 2632 rumpere
926 2558 1082 2633 plumbum,
1261 2559 1302 2617 20

350 2633 451 2697 Quam
464 2654 527 2711 quae
541 2655 591 2711 per
604 2654 724 2710 pronum
738 2635 860 2710 trepidat
870 2656 936 2693 cum
950 2655 1093 2692 murmure
1108 2636 1219 2694 rivuml

351 2713 464 2790 Nempe
478 2715 552 2771 inter
565 2714 657 2770 varias
671 2710 798 2771 nutritur
808 2716 878 2772 silva
891 2716 1047 2787 columnas,

351 2793 551 2869 Laudaturque
565 2794 666 2849 domus
677 2794 776 2869 longos
790 2813 852 2868 quae
866 2795 1001 2870 prospicit
1011 2814 1101 2870 agros.

351 2871 491 2930 Naturam
502 2872 626 2946 expelles
640 2872 730 2945 furcal,
745 2882 841 2930 tamen
855 2893 944 2948 usque
957 2884 1093 2947 recurret,

350 2951 388 3008 Et
401 2951 475 3008 mala
488 2962 650 3027 perrumpet
663 2952 758 3009 furtim
775 2951 886 3010 fastidia
899 2952 1007 3010 victrix.

389 3029 468 3102 Non,
482 3030 530 3105 qui
545 3031 664 3088 Sidonio
678 3033 850 3088 contendere
864 3032 984 3088 callidus
997 3041 1073 3089 ostro

302 3110 313 3122 ⁹
349 3108 451 3166 Nescit
464 3110 637 3184 Aquinatem
651 3111 777 3186 potantia
791 3110 893 3168 vellera
907 3110 1013 3181 fucum,

349 3187 463 3246 Certius
473 3189 594 3264 accipiet
607 3191 743 3247 damnum
754 3189 905 3266 propiusve
919 3188 1060 3260 medullis,

348 3265 448 3329 Quam
461 3269 509 3343 qui
524 3287 581 3325 non
594 3269 697 3344 poterit
710 3287 776 3326 vero
787 3268 961 3343 distinguere
976 3268 1086 3325 salsum.

347 3345 445 3419 Quem
459 3366 504 3404 res
517 3345 581 3422 plirs
595 3347 684 3407 nimio
697 3345 875 3404 delectavere
886 3348 1030 3420 secundae,

348 3425 466 3482 lllutatae
480 3427 616 3501 quatient.
658 3426 771 3502 Siquid
786 3427 934 3498 mirabere,
949 3446 1040 3502 pones

347 3503 465 3561 Invitus.
507 3505 589 3581 Fuge
603 3525 721 3581 magne3
742 3505 811 3563 licet
821 3508 874 3562 sub
886 3524 1010 3582 paupere
1024 3515 1099 3563 tecto

348 3583 446 3659 Reges
460 3594 489 3640 et
502 3604 601 3661 regum
615 3585 672 3642 vitia
686 3604 858 3661 praecurrere
872 3585 987 3643 amicos.

372 3663 495 3719 ·Cervus
508 3683 612 3738 equum
627 3664 724 3740 pugnis
738 3665 837 3722 melior
850 3663 1049 3722 communibus
1062 3661 1158 3720 herbis

284 3768 286 3772 ·
346 3741 483 3814 Pellebat,
498 3744 590 3800 donec
603 3743 695 3800 minor
709 3743 738 3799 in
753 3744 909 3801 certamine
920 3744 1005 3818 longo

346 3817 508 3895 Imploravit
521 3841 589 3897 opes
603 3822 735 3893 hominis,
749 3820 924 3896 fraenumque
938 3820 1064 3896 recepit:

347 3899 415 3970 Sed,
429 3911 576 3975 postquam
590 3899 678 3956 victor
692 3901 800 3968 violens
813 3901 943 3957 discessit
957 3900 993 3956 ab
1007 3901 1097 3971 hoste,

346 3977 414 4035 Non
428 3979 551 4052 equitem
565 3979 657 4051 dorso,
672 3998 729 4035 non
745 3979 863 4036 sraenum
878 3979 987 4054 depulit
999 3998 1057 4035 ore.

347 4057 396 4113 Sic
409 4058 467 4133 qui,
482 4058 645 4134 pauperiem
660 4058 774 4130 veritus,
788 4059 895 4134 potiore
909 4057 1031 4115 metallis

345 4135 489 4194 Libertate
503 4147 590 4210 caret,
605 4136 752 4195 dominum
767 4139 851 4195 vehet
864 4137 1018 4212 improbus,
1032 4146 1118 4211 atque
