3084 4900
563 573 764 622 oraminum
782 572 847 620 mn
865 573 887 620 1.
1180 575 1217 633 1⁷

308 718 401 777 Mixta
413 735 514 776 senum
528 735 562 774 ac
572 716 709 793 juvenum
724 717 879 773 densentur
893 716 1011 789 funera3
1033 714 1143 774 nullum

466 797 548 853 Saeva
561 807 647 870 caput
659 795 829 870 Proserpina
843 794 923 869 fugit.
1176 794 1216 853 20

307 876 358 935 Me
371 894 483 952 quoque
497 875 597 931 devexi
611 873 725 949 rapidus
739 892 837 929 comes
850 873 967 931 Orionis

465 952 587 1027 Illyricis
601 950 695 1009 Notus
708 951 803 1017 obruit
816 952 909 1009 undis.

308 1036 349 1093 At
361 1043 403 1106 tu,
417 1041 514 1103 nauta,
528 1049 606 1106 vagae
620 1050 657 1087 ne
670 1049 756 1105 parce
770 1030 913 1105 malignus
926 1050 1019 1089 arenae

466 1110 588 1167 Ossibus
601 1121 631 1167 et
644 1110 729 1185 capiti
744 1109 893 1167 inhumato

308 1190 479 1249 Particulam
492 1189 577 1245 dare:
599 1189 650 1259 sic,
664 1189 854 1263 quodcunque
868 1188 1022 1248 minabitur
1035 1189 1130 1246 Eurus
1176 1190 1217 1246 25

465 1268 614 1324 Fluctibus
628 1266 786 1343 Hesperiis,
801 1267 957 1324 Venusinae

308 1349 471 1425 Flectuntur
486 1347 574 1417 silvae,
589 1356 616 1402 te
630 1347 750 1421 sospite3
772 1346 917 1421 multaque
931 1366 1051 1422 merces,

465 1426 549 1483 Unde
560 1435 662 1500 potest,
677 1426 728 1482 tibi
744 1424 850 1481 defluat
864 1444 944 1499 aequo

309 1507 357 1564 Ab
368 1505 448 1579 Jove,
462 1503 741 1579 Neptunoquesacri
754 1504 872 1560 custode
887 1504 1024 1561 Tarenti!

465 1582 597 1658 Negligis
611 1582 759 1640 immeritis
772 1584 933 1640 nocituram
1179 1583 1218 1640 30
1234 1619 1240 1623 -

309 1663 460 1722 Postmodo
473 1673 501 1718 te
515 1662 589 1718 natis
603 1661 730 1717 fraudem
745 1662 942 1719 committerel
976 1660 1047 1720 Fors
1060 1671 1090 1720 et

466 1739 570 1796 Debita
581 1740 646 1813 jura
659 1740 791 1813 vicesque
805 1740 933 1814 superbae
1190 1737 1192 1741 '

310 1820 357 1879 Te
370 1828 505 1880 maneant
519 1818 629 1892 ipsum:
649 1819 783 1892 precibus
796 1836 855 1873 non
870 1818 980 1891 linquar
994 1817 1108 1888 inultis;

467 1896 570 1969 Teque
583 1894 695 1969 piacula
708 1894 787 1951 nulla
800 1895 947 1952 resolvent.

307 1979 482 2054 Quanquam
497 1975 622 2046 festinas,
637 1993 694 2031 non
708 1985 752 2031 est
765 1992 845 2030 mora
858 1973 957 2050 longa3
978 1974 1075 2033 licebit
1179 1976 1218 2033 35

467 2053 579 2131 Injecto
593 2064 635 2110 ter
648 2054 763 2129 pulvere
777 2054 902 2109 curras.''

617 2365 701 2423 ODE
722 2364 837 2423 XXIV.

641 2503 681 2542 ΑΙ)
696 2503 810 2543 ICCIUM.

388 2608 464 2678 Iccr,
478 2605 568 2662 beatis
582 2621 660 2660 nunc
674 2601 803 2657 Arabum
818 2602 928 2660 invides

389 2686 488 2756 Gazis‚
502 2693 531 2739 et
545 2699 639 2738 acrem
653 2679 784 2755 militiam
797 2698 880 2754 paras

428 2763 497 2819 Non
511 2757 578 2816 antia
592 2758 711 2815 devictis
726 2758 834 2814 Sabaeae

469 2839 610 2914 Regibus,
625 2837 807 2911 horribilique
822 2835 911 2895 Medo

390 2920 491 2978 Nectis
504 2930 628 2975 catenas.
670 2916 745 2977 Quae
760 2917 811 2973 tibi
826 2916 976 2992 virginum,

390 3002 500 3076 Sponso
514 3007 625 3068 necato,
640 2996 759 3052 barbara
772 2995 895 3052 servietl

428 3079 503 3135 Puer
517 3076 580 3151 quis
600 3094 636 3131 ex
646 3074 713 3131 aula
727 3073 835 3148 capillis

469 3156 517 3212 Ad
531 3156 664 3229 cyathum
679 3164 816 3210 statuetur
831 3152 935 3226 unctis,

389 3236 499 3294 Doctus
513 3234 629 3309 sagittas
642 3233 760 3302 tendere
774 3231 887 3287 Sericas

390 3315 471 3372 Arcu
484 3313 621 3388 paternol
653 3311 730 3371 Quis
744 3320 832 3385 neget
845 3308 941 3367 arduis
956 3347 967 3361 .,

428 3393 535 3451 Pronos
549 3391 636 3448 relabi
650 3409 734 3465 posse
748 3390 821 3446 rivos

469 3471 626 3540 Montibus,
641 3480 670 3525 et
683 3468 813 3524 Tiberim
828 3466 946 3535 reverti3

388 3550 490 3613 Quum
504 3560 535 3607 tu
549 3551 695 3621 coemptos
708 3547 833 3618 undique
848 3544 956 3600 nobiles

390 3631 492 3690 Libros
505 3625 624 3697 Panaeti,
639 3625 815 3681 Socraticam
829 3634 859 3679 et
872 3622 999 3696 domum,

430 3707 544 3766 Mutare
558 3705 653 3763 loricis
668 3703 768 3775 Iberis,

469 3786 616 3901 gollicitus
629 3783 754 3855 meliora,
768 3780 882 3839 tendisl
