3084 4900
330 593 386 651 166
653 591 684 647 Q.
702 589 849 638 HORATll
866 590 990 640 FLACCI

365 734 464 796 Quem
478 732 650 809 paupertatis
663 734 754 810 pudor
764 744 794 791 et
807 734 883 810 fuga,
898 734 976 791 dives
990 732 1109 806 amicus,

367 809 451 889 Saept
466 814 567 870 decem
581 812 655 869 vitiis
666 813 839 884 instructior,
852 813 913 871 odit
926 823 955 869 et
969 814 1080 870 horret:

367 893 439 963 Aut,
453 892 477 949 si
488 911 545 950 non
559 892 628 963 odit,
643 892 715 968 regit
723 912 731 961 ;
753 911 797 963 ac,
813 893 899 948 veluti
912 893 959 967 pia
972 903 1072 964 mater,

367 970 435 1027 Plus
446 970 531 1047 quam
546 990 575 1027 se
590 990 687 1046 sapere
702 982 730 1028 et
742 972 893 1028 virtutibus
906 990 969 1028 esse
982 970 1105 1045 priorem

367 1050 446 1121 Vult,
460 1062 489 1108 et
502 1050 542 1108 ait
554 1047 641 1125 prope
657 1069 738 1108 vera:
760 1054 778 1080 “
794 1049 869 1105 Meae
885 1049 1072 1126 (contendere
1086 1048 1159 1129 noli)

369 1128 524 1187 Stultitiam
537 1128 682 1204 patiuntur
695 1147 780 1205 opes;
802 1129 852 1185 tibi
867 1129 982 1203 parvula
996 1148 1041 1185 res
1055 1140 1117 1186 est:

368 1209 458 1265 Arete
471 1208 555 1265 decet
568 1227 669 1264 sanum
684 1207 818 1265 comitem
832 1218 916 1281 toga3
939 1208 1038 1264 desine
1052 1225 1167 1264 mecum

368 1287 513 1345 Certare.’'
555 1285 727 1362 Eutrapelus
742 1287 903 1359 cuicunque
917 1306 1022 1343 nocere
1036 1287 1147 1345 volebat

369 1367 548 1423 Vestimenta
562 1365 646 1422 dabat
660 1366 791 1440 pretiosa.
832 1366 938 1422 Beatus
952 1365 1029 1421 enim
1041 1366 1100 1441 jam

369 1444 445 1501 Cum
455 1443 581 1518 pulchris
595 1444 700 1501 tunicis
714 1454 808 1501 sumet
819 1464 891 1501 nova
905 1444 1025 1501 consilia
1039 1456 1068 1501 et
1081 1464 1163 1521 spes;

369 1522 499 1580 Dormiat
513 1523 542 1579 in
556 1523 649 1580 lucem
657 1544 664 1593 ς
686 1536 779 1580 scorto
793 1533 942 1599 postponet
956 1524 1108 1581 honestum

368 1600 521 1670 Officium3
542 1621 673 1660 nummos
685 1603 793 1659 alienos
806 1613 919 1677 pascet3
942 1604 978 1660 ad
992 1603 1081 1659 imum

370 1680 471 1738 Thrax
485 1681 547 1753 erit,
562 1692 611 1738 aut
624 1682 731 1740 olitoris
746 1693 811 1756 aget
822 1682 954 1738 mercede
969 1682 1119 1739 caballum.

410 1763 557 1817 Arcanum
571 1780 663 1835 neque
677 1771 708 1818 tu
722 1761 893 1817 scrutaberis
908 1761 992 1817 ullius
1006 1781 1130 1836 unquam
1138 1781 1147 1832 ;

369 1838 616 1914 commissumque
629 1850 719 1915 teges
734 1852 762 1897 et
777 1840 842 1897 vino
855 1850 943 1897 tortus
957 1853 985 1897 et
999 1840 1049 1898 irai.

369 1918 436 1976 Nec
449 1929 498 1976 tua
511 1920 639 1976 laudabis
653 1920 755 1991 studia,
770 1931 820 1975 aut
834 1920 926 1975 aliena
940 1919 1109 1996 reprendes;

370 1997 445 2070 Nec,
459 2017 546 2073 quum
561 1999 656 2055 venari
670 1998 743 2055 volet
758 1998 815 2070 ille,
830 2002 963 2073 poemata
976 2018 1092 2075 pangas.

369 2077 469 2133 Gratia
482 2077 524 2133 sic
539 2077 654 2133 fratrum
668 2078 856 2152 geminorum,
872 2078 1043 2151 Amphionis
1057 2088 1141 2154 atque

371 2155 469 2227 Zethi,
484 2155 615 2227 dissiluit,
630 2156 723 2212 donec
737 2167 868 2231 suspecta
883 2175 980 2213 severo

370 2234 517 2291 Conticuit
530 2234 597 2309 lyra.
639 2234 784 2290 Fraternis
808 2234 928 2290 cessisse
941 2245 1055 2310 putatur

370 2311 500 2370 Moribus
514 2312 676 2388 Amphion:
697 2324 728 2369 tu
739 2315 811 2369 cede
821 2314 944 2388 potentis
958 2314 1043 2370 amici

371 2390 497 2450 Lenibus
511 2392 652 2468 imperiis;
673 2392 838 2468 quotiesque
851 2393 956 2451 educet
968 2393 999 2451 in
1014 2412 1096 2470 agros

371 2472 474 2530 AEtolis
487 2483 605 2530 onerata
617 2472 707 2548 plagis
718 2473 848 2548 jumenta
861 2492 1013 2548 canesque,

372 2552 474 2629 Surge,
489 2563 518 2610 et
531 2551 695 2609 inhumauae
710 2553 821 2609 senium
836 2553 947 2627 depone
958 2553 1115 2627 Camcenae,

371 2631 476 2689 Coenes
489 2643 521 2689 ut
533 2631 637 2706 pariter
650 2632 798 2707 pulmenta
811 2632 954 2688 laboribus
967 2644 1069 2708 empta.

371 2710 512 2769 Romanis
525 2711 652 2768 solemne
663 2711 729 2770 viris
743 2730 825 2788 opus,
839 2711 908 2768 utile
924 2711 1016 2783 sama,

370 2790 500 2866 Vitaeque
509 2802 538 2847 et
551 2791 700 2861 membris3
721 2790 877 2865 praesertim
887 2810 974 2864 quum
986 2790 1088 2863 valeas,
1099 2801 1128 2849 et

371 2869 425 2926 Vel
441 2888 526 2927 cursu
541 2888 673 2945 superare
687 2888 799 2940 canem,
814 2869 858 2925 vel
871 2869 976 2926 viribus
990 2889 1100 2944 aprum,

371 2949 485 3006 Possis:
507 2948 590 3020 adde,
604 2948 694 3004 virilia
707 2945 784 3022 qudd
798 2945 954 3022 speciosiris
968 2967 1046 3004 arma

372 3027 440 3084 Non
455 3027 558 3102 estqui
573 3036 693 3084 tractet:
714 3027 771 3082 scis
785 3045 841 3100 quo
855 3027 979 3082 clamore
993 3045 1105 3084 coronae

372 3105 476 3163 Proelia
490 3105 629 3162 sustineas
643 3106 828 3180 campestria:
850 3104 973 3178 denique
988 3123 1091 3162 saevam

373 3184 507 3241 Militiam
521 3202 591 3259 puer
605 3194 633 3240 et
641 3183 815 3240 Cantabrica
829 3183 904 3240 bella
917 3183 1005 3241 tulisti

373 3264 434 3320 Sub
448 3264 521 3320 duce
534 3262 583 3336 qui
597 3262 709 3337 templis
722 3262 890 3320 Parthorum
905 3262 987 3337 signa
1000 3263 1093 3338 refigit

372 3343 470 3415 Nunc,
485 3342 551 3400 etsi
565 3341 633 3416 quid
648 3342 736 3413 abest,
752 3340 833 3399 Italis
847 3342 991 3417 adjudicat
1005 3343 1098 3401 armis.

372 3422 428 3493 Ac,
443 3440 480 3478 ne
494 3431 522 3478 te
536 3422 671 3492 retrahas,
686 3432 714 3478 et
728 3421 929 3478 inexcusabilis
943 3421 1046 3493 abstcs,

371 3500 512 3562 Quamvis
526 3499 566 3556 nil
580 3511 659 3557 extra
672 3519 823 3558 numerum
839 3500 939 3557 fecisse
953 3502 1125 3576 modumque

373 3579 474 3651 Coras,
488 3579 630 3636 interdum
645 3580 760 3656 nugaris
774 3599 839 3637 rure
853 3591 987 3655 patemo:

373 3658 496 3717 Partitur
510 3659 609 3716 lintres
623 3661 781 3728 exercitus3
803 3659 890 3716 Actia
904 3678 1000 3734 pugna

373 3736 420 3794 Te
434 3738 508 3794 duce
521 3756 571 3812 per
585 3756 688 3812 pueros
703 3738 798 3796 hostili
813 3756 890 3794 more
904 3738 1039 3806 refertur3

374 3817 562 3874 Adversarius
575 3827 618 3874 est
632 3816 732 3886 frater;
753 3817 843 3887 lacus,
856 3815 982 3884 Hadria3
1003 3816 1096 3874 donec

374 3895 553 3953 Alterutrum
566 3895 647 3951 velox
661 3895 778 3951 victoria
792 3895 890 3950 fronde
901 3904 1027 3952 coronet.

374 3973 545 4031 Consentire
559 3973 619 4030 suis
633 3974 734 4030 studiis
747 3973 796 4048 qui
810 3973 964 4030 crediderit
976 3984 1015 4046 te,

373 4050 479 4109 Fautor
493 4064 612 4127 utroque
626 4061 707 4108 tuum
721 4052 848 4108 laudabit
861 4052 963 4127 pollice
977 4053 1085 4110 ludum.

413 4130 546 4189 Protinus
557 4141 589 4189 ut
602 4150 744 4206 moneam,
759 4131 783 4189 si
796 4131 865 4208 quid
880 4131 1026 4191 monitoris
1039 4152 1108 4211 eges
1121 4142 1163 4209 tu,
