3084 4900
584 614 793 664 SATIRARUM
810 615 877 665 LIB.
893 616 930 667 11.
945 620 970 669 4.

650 837 809 896 sATIRA
829 836 882 896 lv.

692 1003 838 1039 nolimus.

312 1064 412 1145 Uunn,
426 1081 455 1130 et
468 1067 524 1146 qub
539 1069 659 1128 Catiusl

714 1221 818 1256 CANUS·
890 1232 893 1237 ·

784 1307 853 1367 Non
867 1319 910 1366 est
923 1308 994 1368 mihi
1007 1320 1120 1389 tempus
1133 1309 1228 1370 aventi

312 1388 422 1446 Ponere
437 1388 519 1464 signa
532 1387 613 1445 novis
626 1387 786 1464 praeceptis,
800 1389 894 1462 qualia
907 1390 1024 1447 vincant

312 1466 511 1544 Pythagoram,
525 1465 670 1542 Anytique
684 1485 775 1539 reum,
789 1468 961 1543 doctumque
974 1468 1102 1527 Platona

692 1618 837 1651 numanus.

311 1704 466 1763 Peccatum
480 1703 578 1776 fateor,
592 1722 678 1777 quum
692 1713 720 1761 te
735 1702 777 1760 sic
791 1714 916 1780 tempore
929 1704 1001 1763 laevo

311 1782 537 1859 Interpellririm:
558 1782 618 1853 sed,
632 1783 683 1859 des
696 1781 809 1838 veniam
823 1782 924 1856 bonus,
937 1803 996 1841 ore.
1239 1786 1261 1845 5

310 1860 400 1922 Quod
414 1862 438 1918 si
453 1861 628 1918 interciderit
640 1861 691 1917 tibi
705 1879 784 1917 nunc
798 1861 913 1935 aliquid,
927 1872 1038 1939 repetes
1051 1882 1118 1932 mox
1126 1884 1135 1937 ς

311 1942 377 1999 Sive
391 1951 434 1998 est
446 1949 554 1998 naturae
568 1941 633 2013 hoc,
648 1940 706 1997 sive
720 1940 797 2014 artis,
812 1940 900 1998 mirus
913 1952 1041 2017 utroque.

712 2091 815 2126 curlus.

305 2178 392 2240 -Quin
406 2179 435 2235 id
449 2190 509 2236 erat
522 2196 608 2250 curae,
622 2197 677 2253 quo
689 2188 774 2255 pacto
788 2189 893 2237 cuncta
905 2188 1048 2253 tenerem;

310 2251 414 2334 Utprite
427 2277 472 2315 res
485 2270 596 2331 tenues,
610 2258 689 2315 tenui
703 2276 833 2315 sermone
846 2270 983 2335 peractas.

690 2408 836 2442 nonnius.

310 2495 373 2554 Ede
387 2495 510 2554 hominis
523 2515 646 2554 nomen:
667 2495 751 2552 simul
764 2505 794 2553 et
807 2495 957 2554 Romanus
972 2517 1009 2555 an
1023 2498 1134 2576 hospes.
1222 2500 1259 2559 10

713 2646 816 2679 CATIUS.

310 2734 377 2811 Ipsa
390 2753 497 2792 memor
510 2743 652 2810 precepta
665 2750 785 2804 canam;
807 2733 945 2792 celabitur
959 2745 1067 2795 auctor.

216 2847 223 2860 ·
310 2814 411 2890 Longa
424 2814 526 2888 quibus
540 2813 627 2870 facies
640 2812 700 2870 ovis
713 2813 776 2885 erit,
790 2813 838 2870 illa
848 2825 1001 2887 memento,

310 2892 348 2951 Ut
361 2894 441 2949 succi
455 2892 579 2949 melioris
593 2903 621 2948 et
634 2902 666 2949 ut
679 2889 770 2968 magis
785 2893 860 2949 alma
873 2894 1012 2967 rotundis,

310 2973 436 3031 Ponere:
457 2990 579 3045 namque
593 2990 699 3027 marem
714 2972 849 3029 cohibent
862 2972 969 3030 callosa
981 2973 1115 3033 vitellum.

310 3051 400 3108 Caule
415 3050 586 3122 suburbano,
600 3051 647 3124 qui
662 3051 746 3108 siccis
760 3052 849 3108 crevit
863 3052 893 3108 in
908 3052 993 3129 agris,
1221 3055 1258 3112 15
1287 3088 1289 3090 ·

309 3130 427 3187 Dulcior
438 3149 445 3199 ;
467 3129 572 3205 irriguo
585 3129 656 3186 nihil
670 3140 713 3186 est
726 3130 831 3187 elutius
844 3131 932 3189 horto.

311 3211 342 3267 Si
356 3209 531 3284 vespertinus
545 3206 638 3265 subitb
653 3220 681 3267 te
694 3210 863 3286 oppresserit
876 3211 988 3287 hospes,

309 3287 356 3346 Ne
370 3289 475 3364 gallina
489 3285 593 3344 mallim
607 3300 752 3364 responset
766 3289 838 3345 dura
850 3289 952 3365 palato,

310 3368 420 3425 Doctus
433 3367 489 3423 eris
503 3367 594 3422 vivam
608 3368 697 3424 mixto
709 3387 834 3425 mersare
848 3367 987 3426 Falerno:

311 3447 377 3504 Hoc
390 3457 517 3502 teneram
532 3445 623 3501 saciet.
666 3445 850 3503 Pratensibus
863 3447 970 3522 optima
983 3447 1079 3523 brugis
1217 3446 1259 3506 2⁰

308 3524 420 3583 Natura
433 3536 476 3581 est
484 3545 491 3594 ;
514 3523 576 3580 aliis
589 3521 664 3580 male
679 3526 813 3581 creditur.
855 3523 908 3581 Ille
922 3525 1049 3583 salubres

309 3605 435 3661 AEstates
448 3613 575 3679 peraget,
589 3603 637 3676 qui
648 3603 737 3677 nigris
750 3602 871 3678 prandia
884 3604 970 3661 moris

309 3684 413 3755 liniet,
429 3693 494 3739 ante
507 3700 621 3757 gravem
636 3699 699 3756 quae
712 3681 813 3757 legerit
826 3680 925 3738 arbore
939 3682 1035 3742 solem.

309 3762 442 3819 Aufidius
457 3761 520 3819 forti
536 3761 674 3817 miscebat
687 3761 772 3818 mella
786 3760 925 3831 Falerno;

309 3837 461 3911 Mendose,
475 3840 608 3914 qnoniam
622 3841 719 3899 vacuis
733 3840 911 3898 committere
924 3840 1005 3898 venis

308 3920 358 3978 Nil
372 3920 428 3977 nisi
441 3920 506 3975 lene
521 3921 622 3977 decet:
643 3920 701 3976 leni
715 3920 871 3996 praecurdia
884 3920 976 3977 mulso

308 3999 450 4058 Prolueris
464 3997 572 4056 melitis.
616 3999 647 4056 Si
662 4000 732 4056 dura
746 3999 900 4058 morabitur
914 3999 1003 4070 alvus,

309 4078 428 4154 Mytilus
441 4088 470 4134 et
483 4078 552 4134 viles
565 4078 671 4154 pellent
684 4078 827 4136 obstantia
840 4080 969 4150 conchae,

213 4175 215 4178 ·
308 4157 346 4216 Et
359 4157 465 4234 lapathi
480 4156 572 4213 brevis
585 4159 683 4230 herba,
697 4159 748 4215 sed
762 4159 827 4217 albo
842 4178 900 4217 non
915 4158 977 4215 sine
991 4156 1061 4216 Coo.
