3084 4900
555 625 695 678 EPODON
713 627 826 678 LIBER.

353 769 439 835 Quid
449 769 551 829 attinet
563 779 605 828 tot
617 789 667 830 ora
680 772 796 831 navium
809 774 888 848 gravi

511 849 648 908 Rostrata
662 851 729 909 duci
743 853 870 929 pondere

354 927 462 989 Contra
474 929 599 994 latrones
612 939 697 1004 atque
710 931 841 989 servilem
855 951 984 1007 manum,

511 1008 588 1082 Hoc,
602 1009 656 1067 hoc
670 1010 785 1070 tribuno
798 1011 941 1070 milituml

619 1324 704 1383 ODE
724 1326 760 1386 V.

492 1464 526 1503 IN
541 1462 691 1502 CANIDIAM
704 1464 890 1506 VENEFICAM.

352 1569 371 1598 “
381 1565 440 1638 Aa,
454 1584 472 1622 ο
485 1563 603 1622 deorum
617 1565 753 1640 quidquid
768 1565 799 1623 in
813 1566 886 1625 coelo
899 1566 973 1643 regit

510 1644 617 1701 Terras
631 1655 660 1701 et
674 1645 832 1702 humanum
845 1648 953 1721 genusl
1005 1686 1009 1692 -

351 1724 433 1787 Quid
447 1724 500 1781 iste
515 1723 568 1780 fert
581 1723 741 1782 tumultuat
762 1734 791 1781 et
803 1725 872 1799 quid
885 1726 1014 1785 omnium

510 1802 615 1860 Vultus
628 1804 659 1859 in
673 1822 763 1859 unum
778 1823 824 1860 me
838 1806 954 1861 truceal

351 1883 407 1944 Per
419 1883 523 1941 liberos
536 1894 575 1953 te,
590 1882 614 1939 si
628 1893 728 1939 vocata
740 1884 877 1957 partubus

511 1961 624 2032 Lucina
637 1962 710 2018 veris
724 1962 823 2034 adfuit,

352 2043 407 2100 Per
421 2044 475 2100 hoc
489 2041 574 2098 inane
588 2060 721 2117 purpurae
735 2042 835 2114 decus,
849 2061 959 2118 precor,

510 2121 565 2177 Per
578 2122 802 2197 improbaturum
816 2123 879 2179 haec
893 2121 1004 2196 Jovem,

351 2202 433 2265 Quid
447 2211 479 2258 ut
492 2220 614 2258 noverca
627 2220 673 2258 me
687 2201 816 2273 intueris,
831 2212 879 2259 aut
893 2199 935 2260 uti

437 2338 441 2349 ,
510 2280 602 2338 Petita
616 2281 689 2340 ferro
704 2282 835 2339 belluat”

352 2361 391 2419 Ut
404 2362 466 2417 haec
479 2361 612 2417 trementi
626 2372 743 2435 questus
756 2380 816 2433 ore,
831 2360 958 2420 constitit

510 2439 675 2516 Insignibus
688 2441 775 2516 raptis
788 2460 869 2516 puer,

349 2520 471 2598 Impube
485 2538 597 2595 corpus,
611 2519 694 2594 quale
708 2530 803 2595 posset
816 2521 903 2595 impia

509 2598 622 2655 Mollire
637 2598 787 2655 Thracum
800 2610 932 2674 pectora;

351 2677 484 2750 Canidia,
499 2677 631 2733 brevibus
645 2678 789 2751 implicata
799 2677 902 2751 viperis

404 2769 407 2775 '
510 2755 613 2812 Crines
627 2767 655 2813 et
669 2756 846 2831 incomptum
860 2766 956 2832 caput,

352 2839 440 2896 Jubet
454 2835 593 2912 sepulcris
608 2835 756 2911 caprificos
770 2846 874 2908 erutas,

508 2915 527 2970 J
529 2915 596 2972 ubet
610 2934 760 2991 cupressos
775 2915 917 2988 funebreS,

350 2995 388 3055 Et
402 3007 489 3053 uncta
501 2995 591 3070 turpis
605 3014 658 3052 ova
667 2991 748 3052 'r'an'ae
763 2996 913 3070 sanguine,

507 3074 693 3149 Plumamque
707 3089 855 3132 nocturna
869 3074 974 3151 strigis,
987 3098 1016 3134 a<
1041 3106 1059 3129 ι..
1070 3102 1097 3132 r
1115 3111 1138 3136 r<
1179 3067 1183 3074 ’

350 3155 518 3229 Herbasque
532 3173 602 3229 quas
617 3153 808 3228 Iolcos‘atque
823 3154 919 3212 Iberia

509 3232 597 3291 Mittit
611 3253 786 3290 venenorum
800 3233 887 3306 ferax,

350 3313 388 3371 Et
401 3332 466 3370 ossa
480 3312 578 3369 abore
592 3323 671 3388 rapta
683 3313 789 3389 jejunae
803 3315 894 3385 canis,

507 3391 644 3451 Flammis
658 3393 739 3449 aduri
753 3392 907 3450 Colchicis.
925 3439 940 3448 Α,

350 3473 391 3530 At
404 3471 535 3547 expedita
550 3472 674 3545 Sagana,
687 3489 738 3545 per
752 3481 841 3527 totam
855 3472 972 3528 domum

510 3549 654 3624 Spargens
668 3548 828 3605 Avernales
841 3568 939 3623 aquas,

349 3630 457 3689 Horret
470 3628 581 3703 capillis
595 3638 627 3684 ut
639 3627 767 3684 marinus
782 3629 888 3702 asperis

509 3707 649 3779 Echinus,
664 3717 713 3763 aut
727 3724 846 3763 currens
859 3725 935 3784 aper.

350 3790 464 3848 Abacta
477 3786 557 3843 nulla
571 3785 645 3843 Veia
659 3785 840 3844 conscientia

507 3866 666 3942 Ligonibus
680 3866 758 3922 duris
774 3867 892 3923 humum

350 3947 554 4018 Exhauriebat,
569 3947 720 4021 ingemens
733 3946 878 4003 laboribus
886 3964 894 4015 ;

507 4022 578 4087 Qub
593 4035 689 4101 posset
703 4024 828 4082 infossus
840 4042 912 4100 puer

348 4105 451 4182 longo
465 4105 511 4163 die
526 4106 570 4162 bis
583 4115 682 4179 terque
695 4114 811 4162 mutatae
825 4104 906 4181 dapis

507 4183 632 4242 Inemori
646 4183 826 4260 spectacul03
886 4234 891 4252 ,
