3084 4900
663 578 728 627 aas
745 579 902 630 marren.
1220 588 1278 647 185

323 721 459 799 Scriptor.
500 720 682 780 Honoratum
697 723 721 780 si
732 720 804 781 fortd
818 723 932 800 reponis
941 725 1097 802 Achillem,
1220 729 1277 787 120

322 800 460 879 Impiger,
473 801 638 874 iracundus,
652 802 842 875 inexorabilis,
858 822 933 875 acer,

322 881 396 939 ,lura
409 890 496 957 neget
509 880 563 938 sibi
576 891 653 953 nata,
667 882 738 938 nihil
752 901 811 939 non
825 893 936 958 arroget
950 883 1052 943 armis:

324 961 370 1019 Sit
383 959 489 1017 Medea
503 959 581 1017 ferox
594 960 764 1036 invictaque,
780 960 882 1017 flebilis
896 960 960 1034 Ino,

323 1039 455 1097 Perfidus
468 1037 560 1111 Ixion,
575 1037 609 1097 Io
622 1059 703 1116 vaga,
718 1040 806 1097 tristis
819 1040 945 1097 Orestes.

364 1119 397 1176 Si
410 1118 478 1194 quid
493 1117 670 1193 inexpertum
685 1138 779 1176 scenae
794 1116 957 1193 committis,
971 1132 1001 1178 et
1014 1123 1104 1179 audes
1219 1124 1276 1183 125

324 1198 480 1257 Personam
495 1197 616 1256 formare
629 1217 742 1271 novam,
758 1208 884 1255 servetur
898 1200 934 1255 ad
948 1199 1038 1256 imum

324 1277 429 1341 Qualis
443 1277 479 1335 ab
493 1275 608 1352 incepto
621 1277 800 1373 processerit,
815 1287 844 1334 et
858 1277 911 1334 sibi
926 1289 1046 1337 constet

325 1355 450 1414 Difficile
464 1366 507 1413 est
520 1357 633 1432 proprie
648 1357 812 1413 communia
827 1357 936 1414 dicere:
951 1367 1038 1433 tuque

325 1432 449 1494 Rectiirs
463 1433 584 1492 Iliacum
599 1454 715 1493 carmen
728 1436 848 1493 deducis
861 1436 891 1492 in
906 1448 997 1510 actus,

324 1513 424 1576 Quam
439 1513 463 1571 si
475 1513 615 1590 proferres
629 1515 726 1591 ignota
739 1515 902 1591 indictaque
914 1516 1030 1592 primus.
1219 1520 1276 1580 130

324 1594 444 1652 Publica
458 1593 591 1651 materies
603 1594 705 1670 privati
716 1594 788 1670 juris
801 1595 865 1667 erit,
880 1596 904 1653 si
1228 1595 1234 1608 '

324 1672 391 1732 Nec
404 1674 482 1732 circa
494 1673 579 1730 vilem
592 1674 775 1749 patulumque
791 1674 945 1732 moraberis
958 1675 1075 1747 orbem3

324 1752 391 1811 Nec
404 1752 521 1810 verbum
534 1752 620 1810 verbo
634 1754 747 1810 curabis
757 1751 887 1826 reddere,
902 1753 976 1810 fidus

324 1831 486 1909 lnterpres;
500 1851 556 1889 nec
570 1831 683 1889 desilies
698 1832 821 1890 imitator
836 1833 865 1890 in
880 1844 1000 1905 arctum,

323 1910 408 1971 Unde
421 1912 524 1988 pedem
537 1910 660 1987 prolerre
674 1913 764 1987 pudor
779 1922 863 1984 vetet,
878 1921 926 1968 aut
940 1911 1033 1987 operis
1045 1911 1100 1971 len
1219 1916 1275 1975 135

363 1990 430 2049 Nec
443 1990 485 2047 sic
499 1990 629 2066 incipies,
643 2002 674 2048 ut
688 1992 806 2067 scriptor
821 1991 948 2067 cyclicus
959 1991 1044 2049 olirn:

326 2070 512 2129 “Fortunam
525 2069 631 2127 Priami
646 2072 768 2128 cantabo
782 2081 811 2128 et
824 2071 919 2128 nobile
934 2071 1068 2128 bellum.''

323 2149 405 2213 Quid
419 2149 538 2226 dignum
551 2159 631 2207 tanto
645 2149 715 2207 seret
728 2150 776 2208 bic
789 2150 940 2225 promissor
955 2150 1054 2208 hiatul

324 2227 489 2288 Parturiunt
502 2240 622 2301 montes,
637 2240 771 2286 nascetur
785 2230 922 2286 ridiculus
935 2248 1007 2286 mus.

323 2304 444 2370 Quanto
459 2306 566 2365 rectiirs
580 2308 627 2365 hic
640 2309 688 2383 qui
703 2309 743 2366 nil
757 2308 872 2366 molitur
886 2306 1000 2386 inepte!
1218 2313 1275 2371 140

325 2393 343 2420 “
353 2387 410 2445 Dic
423 2386 504 2461 mihi,
520 2386 614 2460 Musa,
628 2388 730 2461 virum,
745 2399 836 2464 capta
849 2400 913 2465 post
926 2399 1053 2466 tempora
1067 2389 1173 2469 Trojae,

322 2467 386 2532 Qui
400 2486 493 2525 mores
506 2466 654 2525 hominum
668 2470 821 2525 multorum
836 2468 906 2525 vidit
918 2479 948 2526 et
960 2470 1072 2527 urbes.”

323 2546 393 2605 Non
408 2547 516 2604 firmum
530 2566 566 2604 ex
580 2546 698 2623 fulgore,
713 2548 763 2604 sed
778 2566 814 2604 ex
828 2547 905 2605 fumo
919 2549 986 2606 dare
1001 2549 1096 2607 lucem

324 2627 448 2703 Cogitat,
463 2636 495 2683 ut
508 2626 637 2701 speciosa
651 2627 756 2684 dehinc
770 2627 908 2684 miracula
921 2639 1040 2703 promat,

323 2705 501 2782 Antiphaten
516 2705 696 2782 Scyllamque
710 2717 819 2763 etcum
834 2706 960 2783 Cyclope
972 2708 1153 2784 Charybdim
1217 2709 1274 2768 145

322 2784 389 2843 Nec
403 2785 525 2842 reditum
539 2783 687 2842 Diomedis
701 2787 738 2842 ab
751 2785 867 2843 interitu
881 2785 1032 2862 Meleagri,

323 2863 389 2923 Nec
403 2865 519 2941 gemino
532 2864 640 2922 bellurn
654 2865 814 2941 Trojanum
828 2866 936 2922 orditur
950 2867 986 2923 ab
992 2885 1060 2924 ovo.

325 2945 445 3021 Semper
461 2944 497 3000 ad
511 2955 644 3001 eventum
659 2944 789 3014 festinat3
810 2956 840 3002 et
853 2945 883 3002 in
897 2946 1006 3002 medias
1019 2965 1075 3018 res,

322 3022 392 3083 Non
406 3041 489 3080 secus
503 3042 538 3080 ac
552 3034 643 3096 notas,
658 3024 816 3082 auditorem
829 3024 921 3099 rapit;
942 3036 981 3098 et,
995 3045 1058 3100 quae

322 3102 463 3178 Desperat
476 3113 596 3160 tractata
609 3104 749 3162 nitescere
764 3122 856 3179 posse,
870 3104 1003 3179 relinquit
1014 3126 1021 3176 ;
1217 3108 1274 3164 150

323 3183 419 3257 Atque
434 3183 473 3239 ita
485 3183 631 3255 mentitur,
647 3184 688 3239 sic
701 3183 775 3239 veris
790 3183 860 3240 salsa
872 3185 1015 3257 remiscet,

323 3261 419 3318 Primo
433 3280 470 3318 ne
484 3262 621 3333 medium,
636 3263 731 3320 medio
744 3282 781 3319 ne
796 3263 937 3338 discrepet
951 3264 1049 3321 imum.

363 3339 421 3411 Tu,
435 3341 503 3415 quid
518 3360 572 3416 ego
585 3353 613 3397 et
626 3343 747 3417 populus
762 3360 875 3398 mecum
890 3343 1041 3416 desideret,
1056 3343 1140 3401 audi:

323 3419 355 3476 Si
368 3420 505 3496 plausoris
519 3439 587 3494 eges
597 3421 687 3477 aulaea
701 3421 853 3492 manentis,
867 3431 896 3478 et
909 3440 998 3496 usque

323 3499 446 3571 Sessuri,
460 3499 552 3556 donec
567 3512 675 3571 cantor,
690 3501 777 3557 “Vos
789 3500 944 3575 plaudite,'’
957 3500 1043 3573 dicat,
1218 3503 1275 3560 155

323 3576 428 3635 AEtatis
443 3578 580 3654 cujusque
595 3578 712 3634 notandi
726 3588 794 3634 sunt
807 3578 859 3634 tibi
873 3598 976 3650 mores,

323 3654 533 3732 Mobilibusque
548 3657 634 3714 decor
648 3656 758 3715 naturis
772 3656 885 3713 dandus
898 3668 927 3713 et
941 3657 1032 3713 annis.

322 3734 459 3794 Reddere
473 3737 521 3811 qui
535 3754 620 3793 voces
632 3735 691 3811 jam
705 3736 759 3793 scit
771 3754 853 3811 puer,
867 3745 896 3792 et
907 3736 981 3811 pede
995 3746 1073 3793 certo

323 3815 425 3890 Signat
440 3816 568 3886 humum,
583 3815 668 3890 gestit
681 3816 797 3891 paribus
810 3815 964 3888 colludere,
978 3826 1007 3872 et
1021 3815 1092 3872 iram

322 3894 440 3970 Colligit
454 3913 488 3951 ac
501 3894 581 3970 ponit
594 3892 713 3966 temere,
728 3905 758 3951 et
779 3904 904 3952 mutatur
919 3895 949 3951 in
964 3895 1055 3952 horas.
1216 3896 1274 3954 160

323 3971 475 4031 Imborbus
485 3973 609 4048 juvenis,
623 3974 740 4030 tandem
755 3975 873 4032 custode
886 3985 1006 4046 remoto,

322 4051 438 4110 Gaudet
450 4053 530 4129 equis
544 4053 720 4130 canibusque
734 4062 763 4110 et
778 4053 866 4129 aprici
879 4053 1009 4130 gramine
1023 4051 1142 4131 Campi3

323 4131 435 4190 Cereus
449 4131 479 4190 in
493 4130 593 4188 vitium
607 4130 694 4245 llecti,
709 4132 896 4191 monitoribus
910 4151 1002 4210 asper,
