3084 4900
618 595 649 652 Q.
668 594 815 644 HORATII
832 593 956 644 FLACCI

454 738 618 797 Immunem
631 739 753 797 meditor
767 736 878 815 tingere
891 737 1012 814 poculis,

613 818 703 876 Plena
717 820 796 875 dives
807 830 839 875 ut
852 819 882 875 in
896 819 990 875 domo.

454 894 565 956 Verium
581 916 656 973 pone
671 917 775 970 moras,
789 908 818 955 et
831 897 957 954 studium
971 896 1061 967 lueri3

452 976 483 1033 N
485 977 664 1053 igrorumque
679 994 797 1048 memor,
812 977 880 1033 dum
892 976 969 1049 lieet,
984 976 1106 1052 ignium,

452 1054 546 1114 Misce
560 1056 707 1114 stultitiam
722 1056 850 1113 consiliis
864 1056 997 1112 brevem:

610 1134 704 1192 Dulce
717 1146 761 1191 est
774 1135 903 1209 desipere
916 1134 946 1190 in
960 1134 1033 1193 loeo.

703 1448 787 1506 ODE
807 1447 879 1507 XII.

709 1586 749 1625 An
763 1584 871 1626 Lucum.

454 1674 627 1761 Annrvinu,
641 1686 730 1763 Lyae,
744 1684 775 1745 dl
788 1705 854 1744 mea
866 1697 939 1762 vota,
954 1687 985 1747 di

454 1766 611 1841 Audivere,
626 1766 720 1843 Lyce:
741 1767 776 1823 fis
790 1786 871 1838 anus,
885 1778 914 1825 et
928 1779 1025 1827 tamen

611 1847 664 1905 Vis
679 1847 803 1904 formosa
815 1847 918 1917 videri;

571 1926 717 2001 Ludisque
732 1937 761 1983 et
775 1926 848 1982 bibis
861 1927 1023 2003 impudens.

453 2003 636 2082 Importunus
650 2006 739 2061 Amor
752 2006 906 2062 transvolat
918 2007 1012 2063 aridas

453 2084 599 2156 Quercus,
614 2094 642 2140 et
655 2084 759 2158 refugit
772 2094 811 2154 te,
825 2084 891 2157 quia
904 2084 989 2141 luridi

612 2162 722 2219 Dentes
735 2172 774 2233 te,
788 2162 853 2235 quia
867 2181 945 2237 rugae

573 2240 715 2316 Turpant,
730 2251 759 2296 et
773 2240 874 2315 capitis
888 2242 976 2298 nives,

455 2318 521 2377 Nec
534 2318 603 2376 Coae
617 2319 743 2377 referunt
754 2319 813 2394 jam
828 2319 879 2375 tibi
892 2338 1034 2395 purpurae,

456 2398 523 2458 Nee
537 2398 605 2456 clari
619 2398 737 2475 lapides,
751 2409 878 2474 tempora
891 2417 954 2473 quae
968 2398 1056 2457 semel

613 2478 698 2535 Notis
712 2479 828 2535 condita
841 2478 920 2536 lastis

573 2557 693 2616 Inclusit
706 2557 829 2615 volucris
841 2559 911 2615 dies.

453 2634 523 2700 Qui)
538 2637 610 2715 sugit
623 2638 743 2696 Venusl
764 2637 835 2695 heu!
850 2635 941 2713 queve
956 2637 1033 2696 color
1046 2639 1178 2698 decensl

452 2715 524 2780 Qun
538 2720 648 2777 motusl
669 2718 737 2793 quid
752 2718 840 2774 habes
854 2719 938 2790 illius,
952 2718 1037 2792 illius,

610 2797 687 2858 Quae
702 2797 825 2872 spirabat
839 2816 958 2870 amores,

571 2876 648 2937 Quae
662 2895 708 2932 me
723 2886 872 2950 surpuerat
885 2876 965 2948 mihi,

453 2953 536 3012 Felix
548 2964 611 3030 post
625 2954 778 3028 Cynaram‚
793 2965 915 3028 notaque
929 2966 957 3010 et
971 2955 1074 3012 artium

453 3035 605 3090 Gratarum
620 3032 727 3089 iacies?
762 3033 820 3088 Sed
835 3032 956 3106 Cynarae
970 3033 1070 3089 breves

612 3113 713 3168 Annos
728 3110 785 3167 fata
799 3112 948 3184 dederunt,

573 3191 724 3248 Servatura
738 3190 788 3246 diu
800 3208 897 3264 parem

454 3268 586 3327 Cornicis
601 3269 701 3327 vetulae
715 3269 889 3343 temporibus
902 3268 1017 3344 Lyeen;

455 3348 574 3407 Possent
587 3359 619 3407 ut
629 3349 749 3425 juvenes
762 3348 854 3405 visere
869 3348 978 3421 fervidi,

611 3427 704 3486 Multo
717 3446 775 3485 non
790 3427 851 3483 sine
866 3427 935 3500 risu,

572 3505 720 3585 Dilapsam
734 3508 764 3565 in
779 3507 891 3564 cineres
904 3508 1005 3566 lacem.

697 3824 782 3882 ODE
796 3823 885 3883 XIII.

678 3961 719 4000 An
733 3961 905 4001 AUGUSTUM.

453 4058 533 4122 Qun
547 4078 617 4118 eura
630 4061 757 4134 Patrum,
771 4080 868 4136 quaeve
881 4057 1050 4135 Quiritium,

453 4137 552 4198 Plenis
562 4141 702 4221 honorum
717 4142 884 4199 muneribus
896 4150 971 4214 tuas,

1193 965 1194 970 η
1248 900 1291 959 25
