3084 4900
279 604 319 665 68
608 601 639 657 o.
658 599 804 648 nouaru
821 598 946 648 rancor

380 746 494 807 Cuncta
508 763 610 803 manus
624 744 721 802 avidas
735 744 846 820 fugient
860 744 991 816 heredis,
1005 744 1098 803 amico

596 825 673 884 Quae
689 824 801 881 dederis
815 824 919 881 animo.
1236 822 1280 881 20

377 907 481 968 Quum
495 904 582 962 semel
596 903 747 975 occideris,
761 903 840 960 etde
855 914 883 961 te
897 902 1047 979 splendida
1060 900 1158 960 Minos

595 981 710 1041 Fecerit
724 982 848 1053 arbitria,
942 995 944 997 ’

377 1062 457 1137 Non,
472 1062 628 1139 Torquate,
642 1080 743 1137 genus,
758 1080 816 1117 non
830 1072 858 1117 te
873 1060 1016 1133 facundia,
1030 1079 1089 1118 non
1102 1070 1131 1118 ta

597 1141 743 1197 Restituet
756 1139 855 1215 pietas.

378 1219 505 1280 Infernis
518 1238 612 1295 neque
625 1219 704 1277 enim
718 1217 843 1275 tenebris
856 1216 953 1276 Diana
965 1218 1105 1295 pudicum

597 1299 713 1355 Liberat
727 1296 913 1373 Hippolytum
925 1296 948 1354 :⁸

378 1378 444 1439 Nec
457 1379 575 1437 Lethea
587 1377 661 1434 valet
674 1376 808 1434 Theseus
822 1377 989 1452 abrumpere
1004 1395 1070 1435 caro

598 1456 724 1513 Vincula
738 1455 873 1514 Pirithoo.

691 1772 776 1831 ODE
795 1772 865 1831 VII.

649 1912 689 1951 An
704 1913 910 1953 CENSORINUM.

442 2016 599 2072 Douanarr
613 2023 725 2089 pateras
738 2024 875 2089 grataque
890 2014 1067 2087 commodus,

444 2094 613 2164 Censorino,
628 2094 700 2149 meis
714 2111 770 2149 aera
784 2092 938 2164 sodalibus,

442 2173 587 2230 Donarem
601 2171 736 2246 tripodas,
749 2171 866 2246 praemia
880 2171 993 2228 fortium

442 2252 610 2319 Graiorum3
631 2268 724 2324 neque
738 2260 769 2306 tu
783 2250 906 2325 pessima
919 2268 1071 2308 munerum

443 2329 556 2402 Fames,
571 2328 657 2386 divite
671 2348 717 2386 me
732 2329 842 2385 scilicet
855 2329 958 2386 artium

443 2410 527 2472 Quas
541 2419 590 2466 aut
603 2408 770 2466 Parrhasius
785 2408 909 2487 protulit,
925 2417 975 2466 aut
988 2409 1117 2486 Scopas;

445 2490 504 2548 Hic
518 2508 595 2561 saxo,
609 2489 723 2564 liquidis
737 2489 784 2546 ille
799 2489 942 2568 colpribus
981 2557 982 2560 Ἰ

445 2571 540 2628 Sclers
553 2588 632 2627 nunc
646 2570 792 2627 hominem
806 2534 1133 2654 poltblbl'ffiliiddeum:

445 2650 504 2707 Sed
518 2668 576 2707 non
591 2651 654 2706 lraec
668 2649 737 2708 mihi
752 2650 803 2721 vis,
824 2669 879 2706 uec
893 2650 944 2708 tibi
955 2649 1055 2707 talium
1135 2713 1144 2731 -„

444 2728 506 2787 Res
519 2740 563 2787 est
576 2741 625 2787 aut
639 2730 751 2787 animus
765 2729 932 2801 deliciarum
947 2748 1044 2805 egens.
1079 2727 1093 2738 “

443 2810 561 2867 Gaudes
574 2811 762 2867 carminibus:
784 2810 912 2866 carmina
926 2827 1076 2885 possumus

445 2888 570 2960 Donare,
581 2898 610 2944 et
623 2889 744 2963 pretium
759 2888 855 2944 dicere
870 2889 990 2945 muneri.

445 2966 513 3024 Non
527 2967 618 3023 incisa
632 2966 707 3023 notis
721 2984 861 3021 marmora
874 2967 1006 3041 publicis,

445 3046 500 3103 Per
513 3063 576 3120 quae
590 3045 704 3120 spiritus
718 3055 747 3101 et
758 3045 815 3100 vita
827 3046 901 3101 redit
914 3044 997 3102 bonis

445 3124 513 3182 Post
526 3135 645 3181 mortem
660 3124 798 3192 ducibus;
819 3142 877 3180 non
892 3123 1001 3181 celeres
1014 3123 1099 3199 fugae,

444 3202 630 3278 Rejectaeque
644 3199 797 3260 retrorsum
813 3201 986 3259 Hannibalis
998 3203 1103 3273 minae;

446 3281 515 3340 Non
530 3283 665 3340 incendia
680 3281 863 3356 Carthaginis
876 3281 981 3356 impiae,

446 3361 517 3438 Ejus
529 3362 578 3436 qui
593 3361 700 3419 domitia
714 3380 819 3417 nomen
834 3361 869 3418 ab
883 3361 984 3418 Asricd

446 3442 587 3499 Lucratus
601 3441 694 3513 rediit,
709 3438 814 3498 clarids
828 3441 958 3499 indicant
984 3514 986 3518 ,

447 3521 571 3595 Laudes,
586 3519 671 3596 quam
687 3521 816 3578 Calabrae
830 3521 973 3578 Pierides:
994 3539 1097 3596 neque,

448 3601 480 3658 Si
494 3602 599 3659 chartae
613 3602 716 3660 sileant
729 3603 804 3678 quod
819 3601 892 3658 bene
907 3601 1019 3673 feceris

447 3679 614 3738 Mercedem
628 3682 735 3738 tuleris.
766 3681 848 3742 Quid
863 3682 934 3738 foret
947 3679 1009 3737 Iliae
1049 3694 1052 3698 ·

406 3771 408 3775 ”
440 3759 639 3834 Mavortisque
652 3780 732 3835 puer,
747 3761 771 3816 si
785 3760 964 3817 taciturnitas

353 3832 357 3845 ¹
443 3839 582 3896 Obstaret
596 3840 703 3895 meritis
718 3839 814 3895 invida
828 3838 966 3895 Romuli'l

447 3918 584 3994 Ereptum
601 3917 706 3992 Stygiis
720 3916 854 3973 fluctibus
868 3916 992 3974 AEacum

451 3997 548 4055 Virtus
561 4008 590 4055 et
604 3996 682 4054 favor
696 4006 725 4052 et
738 3996 837 4072 lingua
850 3995 1009 4071 potentium

448 4077 555 4135 Vatum
566 4077 699 4134 divitibus
713 4086 862 4134 consecrat
876 4075 984 4133 insulis.

448 4155 577 4234 Dignum
590 4156 675 4215 laude
689 4154 781 4214 virum
796 4153 881 4213 lllusa
894 4166 969 4214 rotat
982 4153 1071 4215 mori:
