3084 4900
578 592 778 643 cnRMlNUM
795 597 861 645 LIB.
879 598 927 648 lv.

531 736 625 793 Curru
640 738 726 796 ducet
739 739 871 798 Achaico

374 812 536 884 Victorem;
559 835 652 890 neque
665 836 710 872 res
724 818 826 875 bellica
839 819 931 877 Deliis

530 893 671 951 Ornatum
686 895 758 953 soliis
772 897 886 969 ducem,

371 969 463 1033 Quod
477 992 576 1048 regum
591 974 712 1030 tumidas
727 977 887 1033 contuderit
900 977 1002 1051 minas,

529 1050 671 1109 Ostendet
685 1053 842 1128 Capitolio:

285 1163 287 1167 .
375 1129 433 1187 Sed
447 1149 509 1205 quae
524 1130 616 1187 Tibur
630 1150 709 1206 aquae
724 1133 814 1190 fertile
827 1133 989 1209 praefluunt,

530 1209 567 1266 Et
581 1212 677 1285 spissae
692 1231 841 1269 nemorum
855 1232 955 1287 comae,

371 1286 497 1365 Fingent
511 1289 606 1347 AEolio
620 1291 746 1347 carmine
760 1291 894 1349 nobilem.

530 1368 631 1426 Romae
645 1370 782 1445 principis
795 1371 908 1428 urbium

288 1503 300 1521 ⁸
373 1443 514 1522 Dignatur
528 1448 637 1505 soboles
650 1449 723 1505 inter
738 1450 874 1507 amabiles

527 1526 632 1584 Vatum
646 1548 752 1604 ponere
766 1548 812 1586 me
826 1531 945 1601 choros;

375 1608 413 1665 Et
424 1605 482 1681 jam
496 1606 581 1663 dente
596 1605 691 1664 mimis
705 1610 835 1666 mordeor
848 1609 966 1667 invido!

531 1686 569 1755 Ο,
583 1686 734 1741 testudinis
748 1706 841 1743 aureae

373 1764 495 1823 Dulcem
508 1782 571 1838 quae
585 1765 742 1839 strepitum,
756 1764 844 1837 Pieri,
858 1776 1015 1842 temperas3

532 1841 560 1897 O
574 1845 660 1898 mutis
674 1861 786 1917 quoque
799 1845 926 1918 piscibus

369 1923 518 1982 Donatura
531 1922 625 1995 cycni,
640 1922 663 1977 si
678 1922 773 1994 libeat,
788 1925 904 1979 sonum!

527 2000 634 2058 Totum
649 2002 776 2058 muneris
787 2003 841 2059 hoc
855 2002 896 2059 tui
910 2012 962 2075 est,

366 2078 456 2145 Qubd
471 2091 609 2138 monstror
623 2082 712 2156 digito
725 2082 956 2156 praetereuntium

526 2160 667 2217 Romanae
681 2160 786 2217 fidicen
800 2161 883 2237 lyrae:

367 2238 458 2303 Qudd
472 2239 546 2316 spiro
559 2250 588 2296 et
601 2240 700 2316 placeo
717 2238 754 2318 (si
768 2242 894 2321 placeo),
908 2252 989 2299 tuum
1002 2253 1054 2300 est.

661 2562 745 2620 ODE
766 2562 836 2619 ΙΙΙ..

633 2700 722 2738 DRUSI
736 2699 863 2738 LAUDES.

404 2802 539 2863 QUALEM
554 2799 714 2857 ministrum
725 2799 853 2856 fulminis
863 2799 960 2858 alitem

407 2879 477 2956 (Cui
489 2899 538 2937 rex
552 2882 668 2936 deorum
683 2897 804 2954 regnum
819 2880 847 2937 in
863 2899 929 2938 aves
943 2899 1029 2958 vagas

443 2959 584 3031 Permisit,
598 2969 729 3034 expertus
744 2959 856 3015 fidelem

482 3038 592 3114 Jupiter
607 3039 636 3095 in
650 3038 818 3113 Ganymede
832 3038 917 3118 flavo)

403 3118 481 3175 Olim
493 3119 633 3193 juventas
648 3129 677 3173 et
690 3119 797 3192 patrius
811 3118 900 3193 vigor,

402 3196 480 3254 Nido
492 3198 621 3254 laborum
634 3198 757 3272 propulit
768 3197 890 3254 inscium
902 3217 910 3267 3

441 3277 596 3351 Vernique,
609 3276 666 3351 jam
681 3277 786 3333 nimbis
797 3277 922 3349 remotiS,
972 3303 974 3306 ⁴

479 3354 612 3412 Insolitos
626 3354 750 3411 docuere
764 3356 844 3412 nisus

400 3432 489 3494 Venti
503 3445 668 3510 paventem3
690 3453 755 3490 mox
769 3435 798 3489 in
813 3435 897 3491 ovilia

389 3515 522 3575 Demisit
536 3514 645 3568 hostem
659 3511 767 3567 vividus
782 3513 904 3586 impetus
912 3532 920 3580 ;
955 3552 997 3568 κ..

437 3594 467 3652 N
470 3611 528 3649 unc
543 3592 572 3647 in
588 3589 760 3646 reluctantes
774 3590 914 3645 dracones

477 3671 546 3746 Egit
560 3688 638 3726 amor
652 3668 733 3742 dapis
747 3677 830 3742 atque
843 3687 964 3742 pugnae:
989 3709 998 3718 ,

396 3752 558 3815 Qualemve
572 3748 643 3804 laetis
657 3766 759 3822 caprea
773 3747 888 3822 pascuis

399 3831 515 3889 Intenta
529 3829 611 3886 fulvae
626 3828 723 3884 matris
737 3827 773 3883 ab
787 3828 874 3883 ubere

437 3909 454 3966 J
458 3929 503 3967 am
514 3909 586 3964 lacte
602 3908 751 3982 depulsum
765 3907 888 3978 leonem,

474 3988 568 4044 Dente
582 4006 655 4044 novo
668 3987 802 4062 peritura,
817 3987 903 4042 vidit:
926 4021 941 4029 ψ

395 4065 504 4128 Videre
518 4067 630 4122 Rhaetis
644 4066 718 4123 bella
732 4063 785 4122 sub
799 4066 921 4140 Alpibus

396 4147 522 4206 Drusum
536 4156 683 4220 gerentem
697 4144 841 4201 Vindelici
851 4159 867 4213 ;’
879 4143 982 4218 quibus

436 4225 501 4283 Mos
515 4225 591 4280 unde
606 4224 746 4281 deductus
759 4241 810 4298 per
823 4242 908 4280 omne
