3084 4900
629 596 661 652 Q.
678 594 825 643 HORATII
841 592 966 644 FLAccl

730 816 816 876 ODE
828 816 868 883 X.

695 954 736 993 An
750 955 902 996 ROMANOS.

460 1054 618 1114 Hancunrs
631 1055 697 1127 ritu,
715 1051 802 1111 modo
817 1055 920 1127 dictus,
934 1074 952 1113 ο
965 1055 1057 1132 plebs,

461 1132 555 1192 Morte
570 1134 698 1191 venalem
711 1133 827 1208 petiisse
841 1134 962 1206 laurum,

460 1212 557 1271 Caesar
571 1211 703 1289 Hispana
716 1212 819 1288 repetit
832 1212 955 1270 Penates

696 1291 797 1348 Victor
811 1291 847 1349 ab
860 1292 918 1349 ora.

460 1370 554 1429 Unico
566 1371 696 1447 gaudens
708 1370 810 1427 mulier
824 1372 924 1429 marito

459 1449 591 1522 Prodeat,
602 1450 686 1524 justis
699 1460 815 1525 operata
828 1450 915 1520 divis3

460 1528 499 1585 Et
512 1548 589 1587 soror
603 1528 673 1587 clari
687 1529 788 1586 ducis:
809 1540 837 1586 et
851 1530 962 1587 decorae

698 1608 834 1684 Supplice
848 1609 917 1666 vitta

460 1686 614 1763 Virginum
627 1698 731 1745 matres
741 1688 935 1764 juvenumque
949 1707 1040 1764 nuper

462 1767 615 1843 Sospitum.
657 1768 727 1840 voa,
741 1787 759 1825 o
772 1768 863 1843 pueri,
877 1779 907 1826 et
919 1769 1021 1844 puellae

461 1845 528 1903 Jam
541 1846 632 1904 virum
646 1858 779 1924 experta,
794 1846 869 1904 male
883 1848 1017 1906 ominatis

697 1927 811 1984 Parcite
825 1928 926 1984 verbis

461 2002 521 2061 Hic
535 2004 596 2061 dies
609 2002 676 2062 vere
690 2006 761 2062 mihi
776 2005 863 2062 festus
877 2017 951 2063 atras

460 2082 575 2139 Eximet
589 2100 688 2139 curas:
709 2102 763 2159 ego
778 2102 833 2140 nec
846 2084 1009 2157 tumultum,

460 2159 526 2218 Nec
539 2161 612 2218 mori
625 2181 675 2236 per
689 2161 745 2217 virn
759 2172 895 2235 metuam,
909 2173 1025 2221 tenente

698 2239 812 2297 Caesare
827 2251 923 2298 terras.

463 2317 489 2390 I,
503 2327 569 2394 pete
584 2330 772 2394 unguentum,
786 2339 867 2395 puer,
881 2331 910 2377 et
923 2339 1054 2395 coronas,

460 2397 499 2456 Et
512 2397 616 2455 cadum
630 2397 720 2456 Marsi
733 2417 888 2457 memorem
902 2399 998 2473 duelli,

463 2479 631 2554 Spartacum
645 2478 669 2536 si
682 2478 739 2554 qual
752 2480 842 2554 potuit
855 2490 1006 2556 vagantem

697 2557 809 2616 Fallere
824 2570 904 2617 testa.

461 2635 518 2696 Dic
532 2647 561 2695 et
574 2647 681 2714 arguta
694 2649 825 2714 properet
839 2638 951 2697 Neaerae

461 2715 643 2792 Myrrhinum
657 2719 732 2776 nodo
746 2719 879 2777 cohibere
894 2719 1020 2778 crinem:

462 2796 495 2853 Si
507 2815 558 2872 per
571 2798 693 2854 invisum
707 2816 786 2853 mora
796 2798 948 2872 janitorem
959 2826 964 2887 p

698 2874 773 2944 Fiet,
788 2876 872 2933 abito.

462 2951 547 3010 Lenit
560 2952 709 3009 albescens
723 2953 835 3010 animos
849 2955 968 3028 capillus

462 3031 569 3090 Litium
583 3042 612 3088 et
625 3030 692 3088 rixae
707 3031 827 3105 cupidos
839 3044 992 3108 protervae:

461 3109 530 3167 Non
543 3128 598 3187 ego
611 3111 666 3167 hoc
680 3111 793 3181 serrem,
807 3111 918 3168 calidus
928 3110 1056 3186 juventi,

700 3188 826 3247 Consule
840 3191 956 3247 Planco.

646 3373 949 3385 ——n—

717 3502 802 3561 ODE
815 3503 871 3564 XI.

667 3643 708 3682 An
728 3643 937 3684 MAEcuNATuM.

462 3743 620 3802 lucrosam
633 3743 757 3801 Danaen
771 3743 856 3801 turris
871 3744 990 3815 ahenea,

462 3822 657 3896 Robustaeque
671 3822 755 3891 fores,
769 3832 798 3878 et
811 3820 929 3896 vigilum
943 3839 1048 3879 canum

462 3901 573 3959 Tristes
586 3900 724 3970 excubiae,
738 3899 903 3956 munierant
916 3897 985 3958 satis

619 3978 778 4036 Nocturnis
792 3978 994 4050 abadulteris3

463 4060 495 4118 si
509 4078 566 4117 non
580 4058 735 4129 Acrisium,
749 4057 867 4133 virginis
881 4057 984 4115 abditae

462 4136 620 4197 Custodem
633 4137 777 4213 pavidum,
791 4136 903 4212 Jupiter
916 4148 946 4196 et
957 4136 1059 4196 Venus
