3084 4900
519 606 719 658 CARMINUM
737 607 803 656 LlB.
820 608 847 656 11

391 751 498 809 Vultu:
519 752 587 827 quid
602 751 714 809 aeternis
726 751 866 808 minorem

429 830 564 888 Consiliis
578 831 706 887 animum
720 831 840 905 satigasl

350 909 410 967 Cur
424 929 482 967 non
497 911 550 966 sub
564 910 621 966 alta
635 910 679 965 vel
693 909 807 984 platano
821 908 864 965 vel
878 906 934 965 hirc

350 990 426 1047 Pinu
437 989 567 1064 jacentes
581 989 623 1045 sic
636 985 800 1061 tenrerd,‚et
813 986 878 1045 rosi

390 1068 487 1126 Canos
500 1068 609 1127 odorati
623 1066 749 1142 capillos,

428 1147 507 1204 Dum
520 1148 597 1219 licet,
611 1147 786 1222 Assyriique
797 1147 887 1204 nardo

352 1226 488 1288 Putamus
500 1227 580 1284 uncti
591 1228 603 1283 l
636 1226 763 1301 Dissipat
778 1226 866 1283 Evius

352 1306 444 1364 Curas
458 1307 571 1364 edaces.
605 1306 682 1367 Quis
695 1324 766 1381 puer
781 1303 863 1363 ociirs

368 1401 370 1458 j
390 1385 565 1463 Restinguet
578 1385 704 1442 ardentis
717 1383 834 1443 Falerni

430 1464 538 1522 Pocula
550 1474 739 1541 praetereunte
753 1464 887 1541 lymphtt

611 1780 695 1839 ODE
715 1782 770 1840 IX.

563 1918 603 1956 ΔΙ)
617 1918 825 1957 MAECENATEM.

353 2020 449 2078 Nouis
463 2020 548 2094 longa
559 2019 625 2075 serae
639 2019 713 2076 bella
726 2018 903 2091 Numantiae,

353 2100 383 2157 N
385 2120 419 2157 ec
433 2101 536 2156 durum
550 2099 752 2170 Hannibalem,
767 2119 822 2157 nec
837 2100 967 2158 Siculum
981 2117 1059 2157 mare

354 2180 444 2237 Poeno
457 2197 630 2255 purpureum
651 2180 802 2255 sanguine,
817 2179 950 2237 mollibus

512 2258 612 2332 Aptari
626 2259 741 2315 citharae
756 2260 863 2329 modis3

354 2337 419 2395 Nec
433 2356 521 2394 saevos
535 2337 679 2413 Lapithas
694 2349 723 2395 et
734 2339 853 2395 nimium
865 2357 944 2395 mero

355 2417 505 2493 Hylaeum3
524 2417 683 2482 llomitosve
698 2417 845 2475 Hercules
857 2423 962 2494 manu]

355 2497 482 2555 Telluris
492 2497 630 2631 juvenestp
636 2497 713 2553 unde
726 2498 886 2573 periculum

513 2574 604 2649 Fulge
628 2595 641 2630 s
655 2577 827 2632 contremuit
840 2577 942 2632 domus

356 2654 473 2713 Saturni
487 2655 597 2709 veteris
632 2653 738 2726 Tuque
752 2654 930 2728 pedestribus

356 2735 445 2790 Dices
459 2732 583 2788 historiis
596 2731 694 2805 proelia
708 2732 840 2804 Caesaris,

356 2811 513 2883 Maecenas‚
528 2808 639 2882 melitis,
655 2811 798 2886 ductaque
812 2831 862 2888 per
876 2811 935 2869 vias

514 2890 630 2966 Regum
645 2891 719 3026 coppo
732 2892 912 2949 minantium.

355 2970 406 3029 Me
420 2970 518 3029 dulces
532 2971 654 3027 dominae
704 2990 755 3028 usa
768 2971 926 3047 Licymuiae

358 3052 478 3123 Cantus,
493 3069 539 3107 me
552 3050 640 3107 voluit
653 3051 749 3108 dicere
763 3049 893 3108 lucidirm

355 3131 512 3206 Fulgentes
521 3130 633 3201 oculos,
647 3142 676 3187 et
691 3131 764 3186 bene
779 3132 886 3187 mutuis

513 3208 618 3265 Fidum
634 3221 734 3285 pectus
748 3210 906 3274 amoribus:

354 3288 453 3350 Quam
467 3306 522 3345 nec
536 3289 609 3345 ferre
622 3290 725 3364 pedem
739 3289 874 3345 dedecuit
887 3288 992 3360 choris,

357 3367 386 3424 N
389 3387 423 3425 ec
437 3378 545 3425 certare
556 3367 632 3443 joco,
646 3387 702 3424 nec
714 3369 782 3437 dare
796 3368 914 3424 brachia

356 3447 517 3505 Ludentem
531 3447 629 3503 nitidis
643 3448 808 3521 virginibus,
823 3465 904 3503 sacro

515 3525 617 3581 Dianae
630 3526 751 3582 celebris
765 3526 820 3580 die.

355 3603 436 3672 Num
449 3616 491 3676 tu,
505 3622 568 3679 quae
581 3603 674 3660 tenuit
687 3605 765 3659 dives
778 3602 980 3675 Achaemenes,

356 3685 418 3741 Aut
430 3684 545 3760 pinguis
559 3681 689 3757 Phrygiae
705 3681 876 3756 Mygdonias
889 3699 968 3758 opes,

355 3763 522 3822 Permutare
536 3763 606 3819 velis
619 3762 698 3819 crine
713 3761 881 3836 Licymnia,

515 3842 619 3901 Plenas
633 3853 681 3899 aut
696 3843 827 3899 Arabum
848 3841 966 3900 domosl

433 3921 479 3981 30
