3084 4900
280 596 337 655 140
608 594 638 650 a
656 593 802 642 HORATH
820 595 944 644 sancei

317 737 383 795 Jam
398 738 464 795 virro
476 755 617 812 quaerens,
625 735 684 813 jam
698 755 809 811 somno,
823 737 919 795 fallere
934 754 1047 796 auram‘

317 813 453 885 Frustra;
474 835 542 873 nam
555 835 652 875 eomes
666 826 726 875 atra
739 816 843 893 premit
855 816 1038 894 sequiturque
1051 815 1194 894 fugacem.

698 968 843 1001 notamus.

317 1030 402 1091 Unde
415 1030 487 1091 mihi
499 1031 644 1109 lapidemt

722 1184 820 1218 DAVUS.

672 1269 822 1331 Quorsum
835 1280 879 1329 est
890 1271 983 1346 opusI

703 1421 847 1455 nonturno.

1033 1486 1118 1547 Unde
1131 1485 1248 1566 sagittas
1258 1488 1270 1545 t

725 1638 822 1673 DAVUE.

318 1728 380 1786 Aut
392 1725 499 1786 insanit
512 1726 607 1800 homo,
621 1735 670 1783 aut
683 1744 782 1784 versus
795 1725 872 1785 facit.

699 1878 845 1913 nonarius.

933 1922 1026 1986 Ocius
1040 1924 1108 1984 hino
1121 1936 1150 1985 te
1228 1927 1266 1986 ol

317 2003 359 2065 Ni
372 2004 457 2085 rapis,
470 2005 593 2065 aaoedes
605 2023 692 2082 opera
705 2024 774 2081 agro
787 2024 864 2064 nona
877 2005 993 2064 Sabino.

639 2360 798 2420 SATIRA
819 2361 906 2422 VIII.

700 2531 846 2564 nonarius.

320 2623 365 2682 Ui·
377 2631 407 2682 te
420 2619 571 2680 Nasidieni
582 2620 655 2697 juvit
668 2639 751 2679 ooena
765 2619 861 2678 beatit

317 2702 395 2762 Nam
409 2701 490 2776 mihi,
504 2699 642 2777 quaerenti
655 2699 814 2774 convivam,
828 2701 922 2758 dictus
935 2698 1006 2760 hero
1020 2699 1079 2760 illie

318 2781 363 2842 De
376 2780 473 2842 medio
485 2793 583 2859 potare
596 2779 652 2838 die.

692 2931 855 2965 nuunsurns.

712 3014 772 3087 sio,
787 3025 819 3071 ut
831 3012 901 3070 mihi
915 3033 1061 3090 nunquam

318 3096 355 3156 In
368 3095 426 3156 vita
439 3096 523 3155 suerit
536 3091 647 3154 melitis.

699 3245 845 3279 Romans.

713 3329 768 3402 Da,
784 3329 808 3386 si
821 3347 906 3406 grave
920 3348 978 3388 non
992 3341 1045 3405 ost,

318 3412 396 3477 Quae
409 3410 501 3491 priora
514 3411 616 3469 iratum
628 3420 755 3469 ventrem
769 3408 923 3486 placaverit
936 3429 1010 3468 esea.

692 3563 853 3596 fortunatius

319 3651 356 3710 In
369 3651 468 3729 primis
481 3652 616 3709 Lucanus
630 3669 697 3726 aper
710 3670 716 3707 :
738 3651 796 3708 leni
811 3649 864 3707 fuit
877 3650 985 3708 Austro

319 3731 438 3809 CaptuS,
453 3741 484 3787 ut
497 3730 591 3787 aiebat
605 3749 694 3786 eoenae
708 3741 796 3805 pater.
838 3729 927 3786 Aeria
940 3725 1052 3788 aucum

319 3809 444 3886 Rapula,
458 3810 588 3881 lactuca,
602 3808 723 3880 radices,
738 3807 832 3882 qualia
845 3806 951 3864 lassum

319 3888 483 3948 Pervellunt
496 3887 672 3945 stomachum
684 3905 691 3955 ;
713 3887 793 3958 siser,
809 3885 899 3959 halec,
914 3886 1015 3945 faeeula
1028 3885 1096 3946 Coa.

320 3967 376 4026 His
389 3967 437 4026 ubi
452 3966 568 4024 sublatis
580 3984 651 4042 puer
666 3964 722 4022 alte
738 3965 850 4021 cinctus
864 3983 997 4023 acernam

319 4047 452 4123 Gausapa
465 4063 607 4122 purpureo
621 4063 749 4102 mensam
763 4043 903 4121 pertersit,
917 4054 947 4103 et
960 4044 1032 4104 alter
