3084 4900
496 557 498 560 ’
601 588 1013 640 un1sr0mnuuu1n.1.1.
1244 594 1303 654 ιω

353 730 447 809 AE'qub
462 732 625 809 neglectum
638 733 733 809 pueris
747 734 918 809 senibusque
931 734 1054 793 nocebit„

350 812 455 871 Restat
468 821 499 869 ut
513 812 557 869 his
570 831 624 887 ego
635 831 681 869 me
695 812 755 887 ipse
769 832 866 889 regam
880 814 1007 889 solerque
1018 813 1183 875 elementis:

350 891 419 950 Non
432 892 523 968 possis
536 891 620 949 oculo
633 889 771 966 quantiam
786 894 959 951 contendere
974 892 1118 969 Lynceus,

350 970 419 1028 Non
433 982 529 1029 tamen
543 970 650 1028 idcirco
662 982 830 1028 contemnas
843 972 936 1047 lippus
950 972 1067 1049 inungi;

350 1049 381 1106 N
383 1070 426 1121 ec,
440 1050 507 1125 quia
520 1051 653 1125 desperes
667 1050 764 1107 invicti
778 1051 906 1108 membra
918 1051 1064 1127 Glyconis,

351 1127 470 1188 Nodosa
484 1147 586 1204 corpus
600 1130 672 1187 nolis
686 1130 836 1205 prohibere
850 1130 997 1206 cheragra.

351 1208 404 1265 Est
416 1208 540 1284 quddam
553 1208 665 1283 prodire
679 1219 771 1282 tenus,
786 1210 810 1265 si
824 1229 882 1267 non
897 1210 978 1267 datur
991 1208 1075 1270 ultrd.

352 1288 454 1345 Fervet
464 1288 581 1345 avaritia
596 1288 754 1364 miseroque
768 1288 903 1363 cupidine
917 1290 1036 1366 pectusl

352 1370 425 1424 Sunt
439 1367 524 1424 verba
538 1376 567 1423 et
580 1386 664 1424 voces
677 1368 780 1442 quibus
794 1369 871 1425 hunc
884 1368 974 1426 lenire
988 1369 1114 1427 dolorem

352 1447 457 1519 Possis,
471 1456 501 1503 et
514 1464 647 1521 magnam
661 1448 752 1504 morbi
765 1447 909 1522 deponere
922 1458 1039 1524 partem.

352 1527 459 1583 Laudis
474 1543 569 1582 amore
583 1527 695 1582 tumesl
717 1536 784 1583 sunt
795 1537 873 1583 certa
885 1527 998 1602 piacula
1010 1547 1074 1603 quae
1088 1538 1117 1587 te

351 1604 411 1663 Ter
424 1602 495 1681 pure
509 1604 585 1661 lecto
597 1615 730 1680 poterunt
743 1624 872 1662 recreare
885 1606 990 1665 libello.

351 1684 478 1757 Invidus,
493 1684 656 1755 iracundus,
670 1684 757 1756 iners,
771 1685 896 1756 vinosus,
910 1696 1028 1759 amator,

350 1764 445 1821 Nemo
459 1760 530 1820 adeb
545 1761 621 1819 serus
635 1773 678 1819 est
691 1775 722 1820 ut
736 1783 795 1820 uon
810 1764 959 1821 mitescere
972 1765 1071 1839 possit,

352 1844 383 1901 Si
397 1840 482 1901 modb
497 1842 616 1899 culture
630 1844 785 1917 patientem
799 1843 961 1900 commodet
974 1862 1081 1901 aurem.

389 1923 487 1980 Virtus
501 1932 544 1979 est
558 1922 656 1979 vitium
671 1922 785 1996 lugere3
807 1932 836 1979 et
849 1921 988 1997 sapientia
1000 1923 1092 1998 prima

351 2002 476 2060 Stultitia
490 2000 624 2058 caruisse.
666 2001 765 2072 Vides,
780 2020 842 2076 quae
856 2002 980 2058 maxima
993 2002 1086 2059 credis

350 2082 422 2139 Esse
436 2081 519 2152 mala,
534 2082 669 2156 exiguum
683 2099 812 2152 censum,
828 2091 994 2156 turpemque
1007 2082 1160 2158 repulsam,

349 2161 468 2223 Quanto
482 2160 589 2217 devites
603 2160 698 2217 animo
711 2160 867 2235 capitisque
880 2160 993 2218 labore:

349 2240 474 2316 Impiger
488 2250 629 2297 extremos
643 2240 733 2296 curris
748 2251 887 2297 mercator
901 2241 937 2297 ad
952 2239 1051 2313 Indos,

280 2325 284 2330 ’
348 2319 404 2376 Per
418 2339 496 2376 mare
509 2318 673 2395 pauperiem
685 2318 807 2394 fugiens
821 2339 872 2395 per
885 2338 963 2393 saxa,
976 2340 1028 2396 per
1041 2321 1140 2398 ignes:

349 2398 396 2457 Ne
411 2417 494 2456 cures
507 2418 541 2456 ea
554 2417 617 2473 quae
631 2396 717 2457 stulte
732 2399 843 2456 miraris
856 2410 885 2456 et
897 2410 987 2474 optas,

349 2477 467 2537 Discere
481 2489 510 2535 et
524 2478 632 2550 audire,
646 2488 675 2535 et
688 2479 798 2536 meliori
812 2479 929 2535 credere
944 2498 1002 2536 non
1016 2480 1078 2538 visl

348 2558 425 2620 Quis
439 2559 548 2615 circum
561 2576 649 2633 pagos
663 2569 691 2613 et
705 2557 815 2614 circum
829 2558 953 2632 compita
965 2577 1083 2634 pugnax

350 2636 458 2713 Magna
471 2637 600 2695 coronari
614 2646 779 2694 contemnat
792 2635 936 2711 Olympia,
947 2638 994 2693 cni
1008 2657 1082 2713 spes,

349 2717 405 2773 Cui
419 2717 456 2774 sit
470 2715 595 2774 conditio
610 2716 702 2773 dulcis
716 2716 778 2771 sine
792 2715 906 2791 pulvere
917 2714 1038 2791 palmael

388 2795 483 2852 Vilius
497 2806 646 2870 argentum
660 2805 702 2851 est
717 2814 795 2866 auro,
810 2794 959 2852 virtutibus
973 2814 1082 2852 aurum.

350 2877 367 2903 ‘⁶
380 2874 408 2932 Ο
422 2874 508 2947 cives,
522 2875 608 2946 cives,
622 2875 775 2948 quaerenda
788 2874 912 2949 pecunia
925 2871 1048 2950 priminn
1062 2884 1114 2948 est,

349 2953 447 3012 Virtus
461 2965 524 3029 post
537 2955 696 3011 nummos.’'
739 2954 813 3010 Haec
826 2953 845 3009 J
847 2973 918 3010 anus
932 2972 1060 3011 summus
1073 2955 1110 3011 ab
1123 2954 1181 3013 imo

349 3031 505 3091 Producat:
526 3034 588 3089 haec
602 3034 734 3090 recinunt
745 3033 866 3109 juvenes
879 3033 985 3091 dictata
999 3053 1148 3110 senesque,

349 3112 433 3169 Laevo
447 3113 577 3188 suspensi
591 3112 699 3170 loculos
713 3113 894 3187 tabulamque
907 3112 1022 3172 lacerto.

349 3193 380 3248 Si
394 3191 609 3268 quadringentis
623 3211 672 3249 sex
686 3203 795 3267 septem
808 3192 898 3249 millia
911 3193 1024 3266 desunt,

348 3269 401 3327 Est
414 3271 526 3328 animus
540 3271 601 3343 tibi,
616 3282 683 3329 sunt
696 3291 799 3343 mores
814 3282 843 3329 et
856 3272 963 3347 lingua,
977 3272 1119 3348 fidesque3

347 3349 431 3406 Plebs
445 3350 509 3406 eris.
551 3351 592 3407 At
605 3352 685 3425 pueri
700 3351 842 3422 ludentes,
851 3355 869 3380 “
882 3351 949 3408 Rex
961 3352 1046 3424 eriS,''
1061 3352 1152 3425 aiunt,

348 3432 366 3458 “
380 3430 411 3486 Si
421 3426 503 3486 'rectd
519 3430 633 3486 facies.³’
676 3429 735 3487 Hic
749 3448 848 3486 murus
862 3434 970 3487 aeneus
984 3442 1054 3502 esto,

347 3506 397 3564 Nil
412 3509 541 3565 conscire
555 3508 618 3579 sibi,
632 3509 711 3565 nulla
724 3509 880 3583 pallescere
894 3508 988 3583 culpis.

347 3586 465 3659 Roscia,
480 3589 527 3645 dic
542 3588 634 3659 sodeS,
649 3587 747 3642 melior
762 3587 817 3657 lex,
833 3605 869 3642 an
882 3605 1034 3661 puerorum
1048 3598 1092 3647 est

347 3665 460 3739 Naenia,
474 3686 537 3742 qnae
551 3685 672 3742 regnum
685 3662 764 3722 recte
781 3665 950 3722 facientibus
962 3666 1054 3742 offert,

348 3743 385 3802 Et
400 3746 525 3804 maribus
539 3747 635 3804 Curiis
649 3757 677 3803 et
691 3746 844 3803 decantata
856 3744 1005 3804 Camillisl

348 3823 416 3881 Isne
431 3825 482 3881 tibi
496 3824 599 3883 melitis
613 3827 722 3897 suadet,
737 3825 795 3901 qui,
809 3843 870 3881 rem
884 3824 988 3895 facias;
1009 3843 1080 3898 rem,

347 3904 379 3960 Si
393 3905 493 3979 possis,
508 3901 603 3974 rectb3
626 3905 649 3962 si
664 3924 731 3976 non,
745 3923 916 3979 quocunque
930 3906 1013 3963 modo
1026 3921 1106 3976 rem;

347 3981 385 4039 Ut
397 3981 513 4058 propitia
528 3996 638 4058 spectes
652 3985 810 4058 lacrymosa
822 3987 956 4062 poemata
970 3982 1061 4060 Pupt=

347 4061 396 4118 An
410 4063 458 4136 qui
473 4063 591 4119 fortunae
606 4075 633 4120 te
647 4082 813 4140 responsare
827 4064 956 4140 superbae

308 4137 314 4149 ’
346 4140 483 4198 Liberum
497 4151 526 4199 et
539 4153 666 4279 qrgctum
680 4162 806 4220 praesens
820 4144 945 4201 hortatur
959 4152 989 4201 et
1001 4141 1098 4221 aptati
