3084 4900
606 586 813 636 SATIRARUM
830 586 896 635 LIB.
914 587 935 637 Ι.
953 589 977 636 5.

337 731 465 788 Setosam
478 727 543 787 laevi
558 662 678 948 ἥψω
692 741 852 806 turpaverat
865 730 930 788 oris.

336 810 516 885 Campanum
531 810 560 866 in
622 811 714 881 rhum,
730 811 759 866 in
775 810 875 867 faciem
889 810 1029 885 permulta
1039 810 1166 886 jocatus,

336 889 480 946 Pastorem
496 888 579 945 saltar
598 886 664 946 tuti
679 888 805 964 Cyclopa
818 889 951 964 rogabat:

335 966 387 1025 Nil
401 967 441 1024 illi
456 966 534 1024 larva
548 951 597 1042 adt
610 968 725 1042 tragicis
738 986 811 1041 opus
825 987 887 1024 esse
901 966 1056 1025 cothurnis.

337 1044 430 1103 Multa
444 1046 573 1103 Cicirrus
586 1047 622 1103 ad
637 1047 714 1103 haec:
736 1047 873 1103 donasset
883 1046 981 1122 jamne
995 1056 1126 1104 catenam
1244 1046 1284 1106 65

337 1125 383 1182 Ex
395 1137 459 1182 voto
473 1125 604 1197 Laribus,
618 1126 780 1201 quaerebat:
802 1124 896 1182 scriba
910 1122 987 1201 qubd
1001 1135 1087 1199 esset,

337 1204 470 1261 Deterius
483 1193 572 1261 nihilo
586 1204 708 1261 dominae
719 1204 767 1279 jus
780 1222 851 1261 esse.
892 1204 1028 1279 Rogabat

337 1282 469 1358 Denique
483 1302 533 1340 cur
547 1301 671 1358 unquam
686 1282 814 1357 fugisset,
829 1283 877 1340 cui
890 1280 960 1339 satis
973 1301 1033 1339 una

337 1360 432 1419 Farris
446 1362 518 1419 libra
531 1361 611 1434 foret,
626 1361 725 1437 gracili
740 1362 783 1418 sic
796 1372 909 1437 tamque
923 1361 1035 1437 pusillo.

338 1440 456 1498 Prorsus
467 1438 595 1516 jucunde
610 1459 722 1498 coenam
735 1441 920 1516 produximus
934 1441 1019 1498 illam.
1245 1441 1284 1499 70

376 1519 538 1576 Tendimus
552 1520 620 1576 hinc
633 1521 712 1576 rectit
727 1519 933 1591 Beneventum,
947 1518 997 1575 ubi
1011 1519 1128 1577 sedulus
1141 1519 1245 1596 hospes

336 1596 416 1655 Perre
431 1597 507 1670 arsit,
521 1617 632 1655 macros
646 1598 714 1654 dum
728 1599 826 1655 turdos
841 1608 933 1655 versat
946 1598 976 1654 in
991 1597 1077 1673 igne:

337 1676 414 1734 Nam
429 1697 503 1753 vaga
516 1696 566 1752 per
580 1687 703 1733 veterem
718 1677 827 1751 dilapso
841 1676 954 1733 flamma
968 1677 1094 1733 culinam

336 1756 468 1813 Vulcano
481 1774 624 1812 summurn
637 1756 807 1830 properabat
821 1755 945 1812 lambere
959 1765 1077 1812 tectum.

336 1835 477 1892 Convivas
493 1834 589 1890 avidos
603 1852 716 1890 coenam
731 1851 882 1908 servosque
895 1833 1029 1890 timentes
1244 1834 1284 1892 75

336 1913 415 1971 Tum
430 1931 539 1988 rapere,
554 1921 637 1987 atque
651 1930 750 1969 omnes
764 1913 940 1987 restinguere
954 1912 1026 1969 velle
1039 1911 1158 1970 videres.

376 1991 482 2067 Incipit
495 2010 531 2048 ex
546 1991 592 2048 illo
605 2001 716 2047 montes
727 1991 834 2065 Apulia
847 2000 928 2048 notos

336 2072 488 2128 Ostentare
503 2070 582 2139 mihi,
597 2088 667 2144 quos
681 2081 768 2127 torret
783 2070 934 2142 Atabulus,
949 2080 978 2126 et
991 2087 1061 2144 quos

335 2150 491 2225 Nunquam
505 2168 678 2224 erepsemus,
693 2149 748 2206 nisi
764 2169 816 2206 nos
830 2148 924 2205 vicina
936 2147 1048 2207 Trivici

335 2229 411 2286 Villa
425 2229 587 2303 recepisset,
601 2228 759 2304 lacrymoso
773 2248 831 2286 non
846 2228 908 2284 sine
920 2228 1007 2300 fumo,

335 2307 414 2365 Udos
428 2326 493 2364 cum
508 2307 580 2364 foliis
594 2327 687 2364 ramos
701 2318 802 2364 urente
816 2306 938 2365 camino.

374 2387 506 2448 Quatuor
520 2387 588 2443 hinc
601 2387 725 2463 rapimur
739 2386 839 2464 viginti
853 2397 882 2444 et
895 2386 984 2444 millia
997 2385 1104 2461 rhedis,

336 2464 466 2524 Mansuri
479 2466 612 2542 oppidulo
626 2466 701 2541 quod
715 2485 798 2523 versu
812 2466 908 2524 dicere
921 2485 979 2524 non
994 2476 1047 2538 est,

336 2545 434 2621 Signis
446 2545 581 2620 perfacile
594 2556 654 2601 est:
675 2545 752 2601 venit
765 2545 901 2601 vilissima
913 2561 1009 2602 rerum

336 2624 396 2681 Hic
410 2643 498 2699 aqua;
520 2625 570 2679 sed
584 2624 666 2697 panis
679 2621 765 2697 longe
780 2623 998 2699 pulcherrimus,
1013 2620 1087 2681 ultrb

336 2703 465 2760 Callidus
479 2713 511 2759 ut
525 2701 613 2758 soleat
627 2702 752 2757 humeris
765 2712 877 2777 portare
891 2702 998 2759 viator:

335 2782 365 2839 N
367 2796 413 2839 ar'n
427 2779 535 2837 Canusi
549 2780 704 2855 lapidosus,
719 2799 799 2856 aquae
812 2799 870 2837 non
885 2780 968 2838 ditior
982 2799 1070 2850 urna3

334 2861 397 2923 Qui
411 2861 491 2918 locus
505 2879 522 2916 a
536 2859 599 2916 forti
613 2859 754 2916 Diomede
768 2871 812 2917 est
825 2860 957 2917 conditus
970 2860 1046 2918 olim.

335 2940 486 2997 Flentibus
500 2937 548 2995 hic
562 2938 666 2996 Varius
681 2938 804 2996 discedit
817 2950 934 2996 moestus
948 2940 1056 2997 amicis.

375 3017 448 3076 Inde
464 3018 566 3075 Rubos
580 3017 646 3074 fessi
659 3019 848 3093 pervenimus,
863 3029 960 3094 utpote
973 3020 1090 3094 longum

336 3097 493 3174 Carpentes
507 3098 569 3171 iter,
583 3108 612 3154 et
625 3097 732 3155 factum
747 3099 906 3173 corruptius
920 3098 1011 3156 imbri.

337 3177 453 3235 Postera
465 3187 617 3253 tempestas
630 3177 745 3246 melior3
766 3179 812 3234 via
824 3178 902 3253 pejor
916 3179 952 3235 ad
966 3196 1057 3254 usque

336 3255 403 3315 Bari
418 3257 523 3314 muenia
535 3257 647 3332 piscosi.
689 3256 805 3313 Dehinc
818 3257 934 3329 Gnatia,
948 3257 1071 3332 lymphis

337 3334 420 3392 Iratis
433 3346 584 3408 exstructa,
599 3335 678 3396 dedit
691 3336 821 3410 risusque
832 3336 968 3411 jocosque
979 3356 986 3405 ;

336 3413 424 3487 Dum,
438 3413 552 3472 flammai
567 3415 638 3486 sine,
653 3416 737 3472 thura
749 3415 907 3489 liquescere
920 3415 1020 3471 limine
1034 3432 1116 3471 sacro

336 3493 511 3551 Persuadere
525 3495 619 3568 cupit:
641 3495 739 3549 credat
752 3491 770 3548 J
772 3493 872 3548 udaeus
885 3493 998 3568 Apella,

335 3571 404 3631 Non
418 3591 488 3648 ego;
510 3590 632 3646 namque
647 3571 716 3628 deos
730 3570 819 3627 didici
833 3589 966 3627 securum
981 3589 1066 3647 agere
1080 3587 1191 3640 eerum3

336 3651 412 3721 Nec,
425 3651 449 3708 si
462 3651 530 3727 quid
544 3650 609 3707 miri
623 3649 708 3706 faciat
721 3658 833 3719 natura,
847 3649 917 3705 deos
931 3649 960 3705 id

336 3729 448 3789 Tristes
461 3749 497 3787 ex
510 3731 567 3787 alto
580 3727 646 3786 coeli
660 3728 809 3785 demittere
823 3738 908 3785 tecto.

336 3808 530 3869 Brundusium
545 3808 637 3885 longae
651 3807 716 3865 finis
730 3808 891 3883 chartaque
905 3806 1027 3885 viaeque.
1230 3805 1286 3864 10⁰
