3084 4900
641 594 707 642 Ans
724 594 880 645 POETICA.

299 740 456 817 Postquam
470 738 557 815 coepit
570 757 653 815 agros
664 740 820 797 extendere
833 739 933 814 victor,
947 752 976 800 et
989 741 1090 801 urbem

300 820 399 879 Latior
413 818 546 895 amplecti
559 837 667 891 murus,
682 820 803 893 vinoque
818 820 919 878 diurno

301 898 414 958 Placari
424 898 536 956 Genius
547 898 625 955 festis
638 898 756 974 impune
769 899 880 970 diebus,

300 979 438 1036 Accessit
451 977 633 1052 numerisque
648 978 796 1052 modisque
810 978 925 1036 licentia
939 980 1036 1057 major.

302 1056 442 1115 Indoctus
455 1056 523 1134 quid
537 1057 615 1113 enim
629 1067 749 1132 saperet,
765 1055 891 1132 liberque
905 1058 1044 1132 laborum,

302 1136 443 1195 Rusticus
456 1136 565 1194 urbano
580 1136 725 1205 confusus,
739 1137 830 1212 turpis
844 1138 981 1195 honestol

303 1216 355 1274 Sic
367 1216 469 1292 prisce
483 1226 648 1289 motumque
662 1225 691 1271 et
704 1215 844 1272 luxuriam
859 1217 969 1275 addidit
982 1218 1036 1276 arti

302 1294 439 1368 Tibicen,
453 1294 592 1381 traxitque
601 1313 694 1370 ‚vagus
706 1313 757 1369 per
770 1294 879 1370 pulpita
891 1307 1007 1355 vestem.

303 1375 354 1432 Sic
368 1374 454 1431 etiam
469 1371 572 1431 fidibus
585 1392 670 1431 voces
683 1371 799 1430 crevere
814 1375 929 1447 severis,

302 1452 341 1512 Et
354 1453 418 1510 tulit
432 1453 573 1527 eloquium
588 1453 732 1509 insolitum
748 1453 884 1511 facundia
896 1472 1037 1532 praeceps;

302 1531 477 1607 Utiliumque
490 1551 578 1608 sagax
591 1550 695 1603 rerum,
710 1541 739 1589 et
753 1531 849 1590 divina
862 1533 958 1605 futuri,

304 1611 452 1688 Sortilegis
462 1630 519 1669 non
532 1611 687 1686 discrepuit
698 1612 840 1668 sententia
851 1611 978 1689 Delphis.

342 1690 478 1748 Carmine
491 1690 539 1765 qui
553 1690 661 1766 tragico
675 1690 760 1747 vilem
775 1692 893 1748 certavit
905 1693 942 1749 ob
956 1692 1077 1765 hircum,

303 1769 375 1829 Mox
387 1770 474 1827 etiam
488 1780 614 1845 agrestes
626 1770 741 1844 Satyros
756 1770 884 1841 nudavit,
898 1781 927 1827 et
941 1790 1022 1846 asper

302 1848 444 1908 Incolumi
459 1850 595 1925 gravitate
606 1848 703 1924 jocum
717 1849 845 1918 tentavit,
859 1846 895 1907 eb
909 1846 986 1923 qudd

303 1927 450 1987 Illece'bris
463 1939 524 1986 erat
537 1939 566 1986 et
579 1928 660 2004 grata
672 1928 797 1985 novitate
810 1929 964 1985 morandus

303 2008 462 2084 Spectator,
477 2008 646 2082 functusque
661 2007 758 2079 sacris,
774 2017 803 2063 et
816 2018 908 2084 potue,
923 2018 952 2064 et
965 2009 1057 2067 exlex.

301 2084 412 2145 Verdm
423 2087 463 2145 ita
476 2088 587 2159 risores,
602 2088 641 2143 ita
654 2087 856 2144 commendare
870 2087 985 2145 dicaces

302 2166 463 2225 Conveniet
477 2167 602 2241 Satyros,
617 2166 656 2222 ita
669 2176 777 2223 vertere
792 2167 865 2223 seria
878 2167 955 2239 ludo,
974 2199 976 2204 ·

301 2243 332 2303 N
335 2265 351 2303 a
364 2246 527 2321 quicunque
542 2246 622 2317 deus,
637 2245 799 2320 quicunque
814 2246 994 2306 adhibebitur
1007 2247 1101 2321 heros,

302 2324 408 2402 Regali
422 2335 592 2401 conspectus
606 2324 636 2380 in
650 2343 719 2382 auro
732 2343 824 2400 nuper
838 2338 867 2384 et
881 2337 966 2399 ostro,

302 2402 409 2482 Migret
422 2404 451 2462 in
464 2404 600 2463 obscuras
614 2404 714 2462 humili
729 2423 859 2462 sermone
873 2405 1021 2477 tabernas;

302 2485 373 2558 Aut,
387 2485 456 2542 dum
469 2484 537 2541 vitat
551 2485 679 2556 humum,
694 2484 785 2540 nubes
799 2497 827 2541 et
841 2485 939 2542 inania
952 2496 1055 2563 captet.

302 2562 422 2622 Effutire
435 2564 511 2622 leves
525 2562 644 2638 indigna
654 2562 810 2638 Tragoedia
824 2582 929 2635 versus,

301 2643 341 2701 Ut
354 2643 432 2701 festis
445 2653 573 2700 matrona
583 2643 688 2699 moveri
700 2643 779 2718 jussa
792 2642 902 2715 diebus,

301 2720 436 2780 Intererit
449 2722 557 2797 Satyris
570 2719 688 2798 paulirm
702 2722 870 2798 pudibunda
883 2723 1027 2798 protervis.

301 2799 370 2859 Non
384 2820 438 2878 ego
450 2801 581 2860 inornata
594 2811 623 2858 et
636 2801 812 2858 dominantia
825 2803 942 2859 nomina
955 2800 1048 2860 solum

301 2880 463 2956 Verbaque,
478 2880 607 2952 Pisones,
623 2881 787 2955 Satyrorum
802 2880 921 2956 scriptor
935 2881 1036 2939 amabo
1044 2899 1052 2952 ;

301 2958 367 3018 Nec
381 2960 423 3017 sic
436 2960 527 3018 enitar
540 2958 649 3035 tragico
662 2960 775 3016 differre
789 2960 887 3032 colori,

300 3038 341 3097 Ut
353 3038 424 3097 nihil
438 3039 549 3096 intersit
561 3038 697 3096 Davusne
711 3040 850 3114 loquatur,
865 3051 893 3096 et
907 3040 1000 3098 audax

302 3118 419 3194 Pythias
431 3129 566 3176 emuncto
580 3118 690 3176 lucrata
705 3119 822 3176 Simone
833 3119 981 3192 talentum,

302 3198 352 3255 An
365 3209 461 3256 custos
474 3197 652 3273 famulusque
667 3198 713 3254 dei
728 3199 843 3255 Silenus
858 3199 975 3257 alumni.

301 3275 348 3334 Ex
360 3287 427 3335 noto
441 3277 539 3335 fictum
554 3296 669 3334 carmen
683 3296 794 3352 sequar,
805 3289 835 3335 ut
848 3279 901 3335 sibi
915 3279 1006 3354 quivis

302 3357 405 3432 Sperat
418 3357 510 3426 idem3
532 3354 615 3413 sudet
628 3354 749 3413 multirm
764 3355 922 3432 frustraque
936 3358 1044 3415 laboret

303 3436 400 3492 Ausus
414 3434 506 3493 idem:
528 3432 640 3493 tantum
654 3436 742 3492 series
753 3436 943 3511 juncturaque
956 3436 1053 3512 pollet,

301 3512 430 3573 'Pantirm
445 3515 481 3571 de
496 3514 590 3571 medio
604 3515 722 3589 sumptis
736 3514 849 3570 accedit
860 3516 982 3572 honoris.

302 3593 386 3650 Silvis
400 3593 515 3650 deducti
528 3603 657 3664 caveant,
671 3611 717 3649 me
729 3593 837 3668 judice,
849 3592 954 3668 Fauni,

301 3671 358 3744 Ne,
373 3672 449 3730 velut
463 3671 553 3730 innati
565 3673 653 3729 triviis
667 3690 701 3729 ac
714 3668 789 3746 pene
805 3671 941 3742 forenses,

304 3751 363 3808 Aut
376 3749 498 3809 nimium
512 3751 618 3809 teneris
628 3751 800 3826 juvenentur
814 3751 942 3808 versibus
956 3768 1091 3826 unquam,

301 3831 363 3887 Aut
374 3830 523 3888 immunda
536 3843 655 3906 crepent
669 3829 913 3905 ignominiosaque
928 3831 1020 3887 dicta:

298 3909 493 3966 Offenduntur
507 3909 594 3980 enim,
607 3909 710 3984 quibus
723 3919 767 3966 est
780 3927 869 3984 equus
883 3920 912 3966 et
924 3920 1003 3985 pater
1016 3923 1045 3966 et
1059 3926 1120 3980 res;

300 3987 376 4061 Nec,
391 3989 494 4062 siquid
511 3988 584 4045 fricti
599 3989 701 4045 ciceris
714 3989 814 4063 probat
827 4000 856 4046 et
870 3991 953 4045 nucis
966 3999 1086 4064 emptor,

301 4065 404 4142 AEquis
418 4067 563 4144 accipiunt
576 4067 679 4124 animis
693 4068 835 4125 donantve
849 4069 963 4125 coronis.

341 4145 456 4222 Syllaba
469 4147 555 4223 longa
566 4146 642 4203 brevi
657 4145 785 4222 subjecta
799 4158 914 4205 vocatur
929 4147 1062 4204 Iambus:
