3084 4900
598 591 629 648 Q.
646 590 794 640 nonum
811 592 944 642 FLAccl.

594 734 715 812 Frangit
729 744 884 793 trementes
898 736 996 794 ilices:

436 811 502 871 Nec
516 813 595 872 sidus
609 815 670 872 atrd
684 826 769 873 nocte
784 816 907 872 amicum
918 824 1061 892 appareat,

595 893 666 956 Qus
680 894 767 952 tristis
781 894 873 951 Orion
887 895 981 952 cadit:
1231 897 1269 955 lll

435 970 588 1032 Quietiore
602 992 657 1030 nec
672 974 777 1031 feratur
791 992 912 1048 aequore,

594 1051 694 1112 Quam
708 1052 795 1109 Graia
809 1053 946 1108 victorum
961 1071 1074 1127 manus,

435 1128 537 1192 Quum
551 1130 644 1187 Pallas
659 1140 722 1188 usto
736 1130 818 1187 vertit
832 1130 903 1186 iram
917 1131 953 1186 ab
967 1129 1021 1189 Ilio

595 1208 630 1265 In
646 1210 761 1284 impiam
776 1209 875 1284 Ajacis
888 1218 987 1267 ratem.

436 1287 464 1346 O
478 1298 600 1362 quantus
615 1289 701 1345 instat
715 1288 816 1344 navitis
830 1289 915 1345 sudor
929 1288 995 1362 tuis,
1231 1290 1268 1348 15

593 1366 717 1441 Tibique
730 1367 819 1443 pallor
832 1367 936 1440 luteus,

435 1444 474 1503 Et
487 1445 536 1502 illa
548 1463 606 1502 non
621 1446 708 1503 virilis
721 1446 846 1522 ejulatio,

594 1525 699 1582 Preces
713 1536 742 1583 et
756 1544 885 1582 aversum
900 1526 935 1581 ad
950 1524 968 1581 J
970 1545 1062 1601 ovem,

436 1601 535 1661 Ionius
550 1604 606 1661 udo
620 1624 707 1677 quum
722 1605 885 1680 remugiens
899 1605 979 1662 sinus

592 1683 671 1741 Noto
685 1685 812 1742 carinam
827 1683 948 1759 ruperit!

435 1760 540 1838 Opima
553 1760 629 1838 qudd
644 1764 668 1820 si
682 1765 778 1839 praeda
792 1783 877 1821 curvo
891 1763 984 1821 littore

592 1842 726 1901 Porrecta
740 1863 852 1919 mergos
863 1842 979 1919 juveris,

434 1918 618 1979 Libidinosus
632 1922 823 1981 immolabitur
837 1941 931 1998 caper,

593 2000 630 2058 Et
644 2021 720 2077 agna
733 2002 977 2077 Tempestatibus.
1022 1972 1087 2097 st

697 2314 781 2372 ODE
802 2315 841 2372 X.

678 2454 718 2493 An
739 2453 861 2493 AMICOS.

395 2555 540 2615 Hoaerna
554 2563 707 2632 tempestas
721 2556 826 2614 coelum
840 2555 991 2630 contraxit,
1005 2557 1033 2614 et
1047 2555 1153 2615 imbres

354 2634 501 2712 Nivesque
514 2636 663 2694 deducunt
676 2635 795 2694 lovem:
817 2656 896 2694 nunc
909 2656 998 2710 mare,
1012 2655 1090 2694 nunc
1104 2636 1194 2711 siluae,

395 2715 534 2774 Threicio
548 2716 692 2791 Aquilone
706 2727 816 2774 sonant.
859 2716 1028 2793 Rapiamus,
1043 2715 1138 2790 amici,
1148 2714 1168 2729 “

356 2796 547 2854 Occasionem
561 2796 598 2853 de
612 2797 676 2853 die:
697 2796 823 2870 dumque
836 2796 928 2853 virent
941 2815 1046 2872 genua,

395 2872 434 2931 Et
447 2876 540 2946 decet,
553 2873 680 2932 obductis
693 2873 817 2930 solvatur
831 2874 922 2931 fronte
936 2885 1078 2932 senectus.
1244 2876 1265 2933 5

351 2936 406 3010 lTu
420 2953 485 3010 vina
498 2952 645 3027 Torquato
659 2971 739 3009 move
753 2952 869 3009 consule
883 2972 980 3028 pressa
993 2971 1065 3011 meo.

397 3031 509 3088 Caetera
522 3031 602 3088 mitte
616 3031 706 3105 loqui:
727 3031 799 3087 deus
813 3031 874 3087 baec
889 3031 1006 3088 fortasse
1019 3030 1146 3106 benigni

358 3110 494 3169 Reducet
507 3110 537 3166 in
552 3111 649 3166 sedem
664 3110 734 3166 vice.
777 3107 866 3165 Nunc
880 3119 909 3166 et
920 3110 1109 3176 Achaemenio

397 3189 535 3246 Perfundi
549 3189 638 3246 nardo
649 3188 737 3263 juvat,
752 3199 781 3245 et
795 3187 851 3245 fide
865 3187 1004 3262 Cylleneri

358 3268 467 3327 Levare
481 3267 550 3324 diris
562 3278 678 3342 pectora
691 3267 946 3324 sollicitudinibus:
1227 3271 1265 3329 10

396 3346 509 3404 Nobilis
525 3356 556 3403 ut
569 3346 670 3421 grandi
685 3346 792 3403 cecinit
805 3345 968 3403 Centaurus
982 3346 1117 3406 alumno:

357 3428 376 3458 ‘⁴
385 3423 495 3482 Invicte
509 3425 644 3496 mortalis,
659 3424 714 3482 dea
727 3435 794 3483 nate
806 3443 878 3500 puer
891 3424 1029 3499 Thetide,

396 3503 443 3561 Te
456 3514 553 3561 manet
567 3505 700 3562 Assaraci
714 3505 807 3576 tellus,
821 3524 906 3580 quam
919 3505 1022 3582 frigida
1033 3504 1112 3580 parvi

356 3583 486 3642 Findunt
500 3584 669 3642 Scamandri
682 3584 809 3654 flumina,
823 3584 950 3642 lubricus
963 3594 993 3642 et
1007 3584 1130 3656 Simois3

395 3662 479 3720 Unde
493 3664 544 3721 tibi
558 3665 680 3722 reditum
695 3675 774 3723 certo
788 3665 948 3721 subtemine
963 3663 1063 3720 Parcae
1225 3664 1264 3722 15

355 3739 491 3818 Rupere;
513 3762 569 3799 nec
582 3754 671 3800 mater
686 3745 802 3801 domum
816 3743 924 3800 coerula
938 3753 966 3799 te
980 3742 1103 3800 revehet.

396 3820 461 3878 Illic
475 3840 560 3878 omne
574 3822 681 3877 malum
695 3823 760 3890 vino
775 3832 917 3896 cantuque
930 3820 1031 3894 levato,

354 3897 497 3959 Deformis
512 3901 684 3978 {egrimoniae
698 3899 830 3957 dulcibus
843 3899 1000 3975 alloquiis.''
