3084 4900
558 614 764 664 SATIRARUM
782 614 848 663 LIB.
866 614 901 664 ΙΙ.
918 618 943 665 8.

295 756 426 834 Sublegit
439 757 628 834 quodcunque
639 758 747 834 jaceret
760 757 870 831 inutile,
884 758 1016 834 quodque

293 838 394 895 Posset
407 848 553 898 crnnantes
566 838 726 906 offendere;
748 848 780 895 ut
793 838 892 894 Attica
905 838 984 913 virgo

294 917 371 974 Cum
384 917 473 973 sacris
486 917 609 989 Cereris,
622 917 751 992 procedit
764 917 861 972 fuscus
876 916 1036 991 Hydaspes,

294 994 421 1053 Caecuba
435 996 500 1052 vina
514 996 608 1052 ferens
616 1015 623 1065 ;
646 996 750 1067 Alcon,
765 995 872 1051 Chium
886 996 972 1052 maris
985 1014 1096 1071 expers.

295 1074 355 1131 Hic
369 1076 473 1131 herus:
495 1078 513 1104 “
529 1075 685 1147 Albanum,
699 1074 856 1146 Maecenas,
870 1074 929 1130 sive
943 1074 1098 1132 Falernum

294 1152 342 1211 Te
356 1150 447 1230 magis
461 1153 594 1230 appositis
608 1154 741 1227 delectat,
755 1154 895 1210 habemus
908 1153 1086 1228 utrumque.'’

678 1304 824 1338 HORA'HUE.

247 1452 249 1455 .
294 1390 416 1449 Divitias
430 1391 562 1448 miseras!
585 1392 643 1448 Sed
657 1390 737 1465 queis
751 1391 930 1459 caenantibus
943 1391 1013 1465 uns,

295 1470 440 1541 Fundani,
453 1467 572 1547 pulchre
587 1471 671 1527 fuerit
683 1471 745 1543 tibi,
759 1469 845 1527 ndsse
858 1470 963 1528 laboro.

669 1621 831 1655 renuamus.

297 1711 433 1768 Summus
446 1728 516 1785 ego;
538 1718 566 1767 et
579 1726 666 1784 prope
680 1727 727 1765 me
740 1708 846 1764 Viscus
860 1706 1025 1779 Thurinus3
1046 1717 1076 1766 et
1088 1705 1173 1783 inlrd,
1204 1708 1246 1768 2⁰

296 1790 329 1846 Si
343 1789 469 1861 memini,
484 1787 602 1845 Varius:
624 1806 691 1843 curn
706 1786 825 1843 Servilio
838 1784 991 1843 Balatrone

295 1868 437 1941 Vibidius,
451 1886 521 1942 quos
535 1866 681 1922 Maecenas
695 1865 852 1923 adduxerat
864 1865 987 1922 umbras.

295 1946 495 2005 Nomentanus
509 1956 570 2003 erat
583 1965 666 2021 super
680 1946 782 2019 ipsum,
797 1943 916 2001 Porcius
930 1943 1014 2018 infui,

295 2026 450 2083 Ridiculus
463 2037 535 2084 totas
549 2026 632 2081 simul
647 2025 799 2082 obsorbere
813 2024 966 2100 placentas.

296 2105 495 2164 Nomentanus
509 2106 620 2176 adhoc,
634 2104 693 2180 qui,
709 2104 730 2161 si
746 2103 814 2179 quid
828 2101 900 2161 forte
915 2104 1024 2177 lateret,
1204 2103 1246 2163 25

295 2184 397 2241 Indice
412 2195 580 2242 monstraret
593 2184 698 2260 digito:
719 2203 787 2241 nam
800 2194 904 2241 caetera
916 2184 1009 2257 turba,

295 2262 367 2335 Nos,
382 2264 507 2335 inquam,
522 2283 668 2321 coenamus
682 2282 757 2337 aves,
772 2263 932 2338 conchylia,
942 2263 1046 2339 pisces,

296 2340 397 2418 Longe
411 2343 576 2400 dissimilem
590 2353 658 2401 noto
671 2343 794 2401 celantia
807 2361 943 2413 succum;

295 2422 335 2480 Ut
347 2422 390 2480 rel
404 2418 541 2481 continuo
556 2423 655 2498 patuit,
669 2441 757 2497 quum
771 2422 892 2498 passeris
906 2433 990 2498 atque

296 2501 445 2578 Ingustata
458 2502 527 2558 mihi
541 2512 702 2577 porrexerat
716 2502 764 2557 ilia
778 2501 898 2557 rhombi.
980 2551 982 2556 .

296 2581 364 2639 Post
378 2582 431 2639 hoc
442 2600 488 2637 me
503 2581 600 2637 docuit
611 2580 752 2636 melimela
765 2579 867 2635 rubere
881 2579 1021 2636 minorem

297 2661 345 2717 Ad
358 2661 455 2717 lunam
469 2660 588 2715 delectu.
629 2657 709 2718 Quid
725 2659 780 2714 hoc
794 2657 914 2728 intersit,
930 2658 966 2714 ab
976 2657 1038 2732 ipso

296 2740 432 2797 Audieris
445 2735 556 2794 melius.
597 2736 675 2792 Tum
691 2735 823 2793 Vibidius
837 2735 999 2792 Balatroni:

297 2824 314 2849 ‘⁴
325 2818 396 2889 Nos,
411 2818 465 2875 nisi
480 2813 616 2874 damnose
633 2815 764 2886 bibimus,
780 2815 934 2872 moriemur
948 2813 1061 2872 inulti.'‘

297 2897 335 2956 Et
348 2899 454 2955 calices
468 2895 559 2971 poscit
573 2895 701 2971 majores.
742 2895 862 2952 Vertere
875 2894 964 2970 pallor
1206 2895 1246 2954 35

297 2977 375 3034 Tum
389 2977 507 3053 parochi
522 2975 634 3046 faciem,
649 2976 688 3032 nil
703 2974 745 3031 sio
759 2973 915 3030 metuentis
928 2984 960 3031 ut
973 2991 1055 3031 acres

297 3057 428 3125 Potores;
450 3056 492 3112 vel
506 3054 582 3129 quod
597 3055 771 3111 maledicunt
785 3051 958 3122 liberids,vel

297 3135 419 3192 Fervida
432 3132 507 3210 qudd
522 3135 624 3191 subtile
639 3135 792 3190 exsurdant
806 3134 871 3190 vina
884 3133 1019 3210 palatum.

298 3215 448 3271 Invertunt
462 3214 623 3289 Alliphanis
634 3213 742 3270 vinaria
756 3224 815 3272 tota

297 3294 429 3351 Vibidius
443 3294 620 3368 Balatroque,
635 3293 760 3368 sequutis
773 3292 924 3350 omnibus:
945 3291 995 3349 imi
1206 3292 1246 3350 ¹10

297 3373 429 3430 Convivae
443 3372 509 3428 lecti
523 3371 645 3430 nihilum
660 3370 786 3429 nocuere
799 3372 916 3448 lagenis.

297 3453 423 3510 Affertur
438 3452 552 3526 squillas
566 3452 639 3507 inter
654 3470 780 3507 murrona
793 3462 924 3507 natantes

297 3531 332 3587 In
346 3532 443 3606 patius
453 3541 590 3607 porrecta.
627 3530 687 3586 Sub
699 3530 753 3586 hoc
765 3530 860 3600 herus,
875 3533 892 3558 “
904 3529 977 3585 Haec
987 3526 1132 3603 gravida,'’
1145 3527 1246 3604 inquit.

298 3616 315 3640 “
332 3611 423 3685 Capta
436 3621 487 3682 est,
502 3609 623 3665 deterior
637 3618 700 3683 post
713 3617 823 3682 partum
838 3625 924 3663 carne
939 3606 1040 3664 futura

298 3689 353 3746 His
364 3691 482 3745 mixtum
494 3689 540 3764 jus
554 3699 597 3744 est
610 3687 672 3743 oleo
685 3686 760 3760 quod
775 3686 866 3761 prima
878 3683 997 3743 Venafri
1207 3686 1247 3744 45

297 3769 403 3825 Pressit
417 3769 505 3836 cella;
527 3786 595 3842 garo
606 3767 641 3822 de
656 3765 750 3821 succis
763 3765 851 3841 piscis
864 3763 957 3834 Iberi;

297 3848 374 3904 Vino
388 3846 572 3921 quinquenni,
588 3843 685 3902 verbm
700 3845 771 3901 citra
785 3863 862 3901 mare
876 3855 952 3916 nato,

297 3926 375 3983 Dum
390 3925 528 4001 coquitur,
541 3936 622 3982 cocto
636 3924 741 3981 Chium
755 3924 797 3980 sic
811 3923 945 3982 convenit
958 3932 990 3979 ut
1002 3940 1062 3981 non

298 4006 365 4063 Hoc
380 4003 470 4080 magis
484 4006 572 4061 ullum
587 4004 661 4060 aliud
673 4024 679 4072 ;
701 4004 798 4079 pipere
812 4004 886 4075 albo,
900 4021 959 4060 non
973 4003 1035 4061 sine
1049 4013 1131 4063 aceto

211 4138 214 4143 .
296 4086 385 4148 Quod
401 4084 623 4160 Methymnaeam
638 4083 704 4140 vitio
715 4083 865 4140 mutaverit
878 4099 969 4138 uram.
1206 4083 1246 4140 50
