3084 4900
296 611 336 667 ορ
620 606 652 661 o.
671 604 817 653 nonani
835 603 959 653 rancor

338 748 396 805 Sed
410 757 506 805 tamen
521 757 615 806 amoto
628 766 788 822 queramus
802 748 875 805 seria
888 749 964 806 ludo.

336 826 388 883 Ille
403 845 516 901 gravem
532 827 602 884 duro
616 836 719 884 terram
733 828 781 901 qui
796 828 878 885 vertit
892 839 993 899 aratro,

336 905 465 963 Perfidus
479 906 526 963 hic
540 924 641 981 caupo,
656 906 747 975 miles,
762 917 912 980 nautaeqne
926 926 976 982 per
989 922 1075 963 omne

336 984 472 1042 Audaces
486 1003 563 1041 mare
578 985 626 1060 qui
640 995 769 1056 currunt,
784 985 839 1041 hac
853 996 948 1042 mente
963 985 1090 1041 laborem

336 1064 407 1121 Sese
422 1064 504 1135 ferre,
520 1083 603 1135 senes
616 1072 648 1119 ut
662 1063 691 1120 in
705 1063 763 1121 otia
777 1074 838 1120 tuta
852 1065 998 1135 recedant,

335 1143 437 1213 Aiunt,
451 1162 538 1217 quum
553 1142 606 1199 sibi
621 1142 678 1198 sint
691 1152 827 1217 congesta
838 1141 962 1198 cibaria:
983 1142 1059 1199 sicut

334 1220 464 1294 Parvula,
479 1240 545 1278 nam
555 1220 684 1296 exemplo
698 1230 749 1291 est,
764 1221 861 1295 magni
876 1221 993 1278 formica
1006 1218 1112 1278 laboris

334 1300 394 1357 Ore
409 1301 497 1356 trahit
510 1299 698 1374 quodcunque
713 1309 815 1373 potest,
830 1310 913 1375 atque
927 1299 1007 1356 addit
1020 1317 1121 1357 acervo

334 1379 433 1440 Quem
447 1379 538 1449 struit,
553 1378 629 1434 haud
643 1378 743 1453 ignara
756 1397 791 1434 ac
805 1398 862 1435 non
878 1379 993 1435 incanta
1007 1378 1103 1435 futuri.

334 1456 421 1528 Quae,
437 1456 520 1513 simul
536 1457 679 1513 inversum
693 1457 842 1514 contristat
856 1458 1000 1533 Aquarius
1014 1474 1132 1530 annum,

336 1535 403 1592 Non
418 1554 535 1610 usquam
550 1536 683 1611 prorepit,
697 1546 726 1592 et
738 1536 793 1592 illis
807 1537 893 1594 utitur
908 1535 975 1593 ante

334 1614 474 1676 Quaesitis
488 1614 620 1690 sapiens:
641 1633 728 1689 quum
742 1626 770 1673 te
785 1635 877 1691 neque
892 1616 1017 1673 fervidus
1033 1626 1119 1672 aestus

334 1692 484 1750 Dimoveat
497 1694 585 1765 lucro,
600 1712 692 1769 neque
707 1694 809 1767 hiems,
824 1696 908 1770 ignis,
923 1714 1012 1768 mare,
1027 1695 1150 1764 ferrum3

334 1771 385 1829 Nil
399 1772 490 1830 obstet
504 1772 564 1845 tibi,
579 1773 648 1829 dum
662 1793 698 1830 ne
712 1773 749 1830 sit
762 1785 790 1831 te
805 1775 888 1832 ditior
902 1775 981 1832 alter.

334 1850 416 1912 Quid
427 1852 508 1928 juvat
523 1852 693 1909 immensum
708 1863 736 1909 te
750 1854 862 1929 argenti
875 1854 988 1930 pondus
1001 1862 1030 1910 et
1040 1849 1101 1908 auri

333 1928 445 1986 Furtim
459 1930 571 1988 delossd
582 1931 713 1988 timidum
728 1932 871 2007 deponere
885 1933 1019 1990 terrdl-

333 2008 433 2081 Quod,
454 2010 478 2066 si
492 2010 681 2082 comminuas,
695 2010 781 2067 vilem
795 2012 939 2086 redigatur
954 2012 989 2067 ad
1004 2026 1147 2067 assem.-

334 2089 383 2159 At,
398 2089 428 2144 ni
443 2089 471 2146 id
486 2089 525 2161 fit,
540 2089 608 2162 quid
624 2089 709 2145 habet
721 2089 834 2164 pulchri
848 2101 1028 2147 constructus
1042 2088 1184 2145 acerrusl

334 2164 428 2223 Millia
442 2167 577 2224 frumenti
591 2177 640 2223 tua
653 2167 760 2224 triverit
774 2188 840 2225 area
854 2180 987 2237 centum;

334 2245 401 2303 Non
415 2256 481 2304 tuus
495 2246 550 2302 hoc
564 2245 657 2321 capiet
671 2256 768 2302 venter
781 2247 845 2321 plus
858 2244 944 2322 qudm
958 2264 1055 2304 meus:
1076 2254 1118 2319 ut,
1132 2244 1157 2302 si

334 2324 503 2381 Reticulum
517 2325 600 2400 panis
614 2324 728 2382 venales
742 2325 817 2382 inter
830 2337 933 2384 onusto

333 2401 421 2462 Forte
436 2404 523 2462 vehas
537 2404 665 2476 humero,
680 2403 770 2464 nihilo
786 2405 849 2481 plus
863 2404 988 2482 accipias
1001 2402 1087 2482 qndrn

336 2483 399 2548 Qui
413 2483 452 2541 nil
468 2483 593 2560 portarit.
628 2483 683 2540 Vel
698 2484 755 2557 dic,
770 2486 837 2561 quid
852 2486 955 2544 reserat
968 2486 1042 2543 intra

334 2562 452 2620 Naturoe
467 2564 538 2620 fines
552 2563 667 2636 viventi,
678 2563 780 2640 jugera
794 2577 920 2638 centum,
936 2585 972 2622 an

333 2640 415 2699 Mille
429 2643 590 2701 aretl—At
604 2662 689 2701 suave
703 2655 747 2703 est
760 2664 796 2702 ex
810 2665 914 2722 magno
927 2645 1025 2704 tollere
1040 2660 1190 2700 acervo.-

333 2720 411 2778 Dum
424 2741 460 2779 ex
473 2741 559 2798 parvo
572 2723 654 2780 nobis
668 2725 836 2782 tantundem
851 2726 964 2784 haurire
977 2723 1130 2798 relinquas,

333 2801 393 2857 Cur
407 2811 456 2857 tua
469 2799 534 2876 pllrs
548 2801 646 2859 laudes
661 2804 786 2860 cumeris
799 2805 930 2878 granaria
943 2802 1066 2861 nostrisl

333 2879 381 2950 Ut,
396 2880 447 2937 tibi
461 2881 485 2936 si
500 2882 536 2938 sit
548 2899 620 2957 opus
632 2881 732 2955 liquidi
746 2901 804 2938 non
819 2883 939 2957 amplius
953 2882 1036 2952 urnd,

332 2957 391 3016 Vel
402 2960 514 3034 cyatho,
529 2970 557 3016 et
572 2960 667 3016 dicas:
692 2958 832 3034 “Magno
846 2961 882 3017 de
896 2959 1013 3017 flumine
1024 2957 1148 3028 mallem,

332 3034 432 3097 Quam
445 3057 482 3095 ex
495 3039 549 3094 hoc
563 3037 699 3095 fonticulo
712 3038 882 3096 tantundem
897 3039 1036 3095 sumere.’'
1078 3033 1123 3093 Ed
1138 3035 1169 3095 fit

333 3115 448 3173 Plenior
463 3128 495 3173 ut
508 3117 531 3172 si
546 3135 615 3189 quos
629 3117 752 3174 delectet
766 3118 848 3192 copia
858 3117 945 3193 justo,

333 3195 409 3252 Cum
423 3195 484 3270 ripa
498 3195 580 3251 simul
596 3196 706 3252 avulsos
721 3196 792 3253 ferat
806 3196 929 3252 Aufidus
944 3214 1023 3253 acer:

333 3275 374 3331 At
387 3274 435 3349 qui
448 3274 558 3331 tantulo
569 3283 634 3348 eget
647 3285 752 3348 quanto
766 3285 809 3331 est
821 3294 902 3351 opus,
917 3275 941 3332 is
955 3293 1047 3350 neque
1060 3275 1129 3333 limo

332 3352 491 3410 Turbatam
506 3352 600 3409 haurit
613 3371 724 3428 aquam,
736 3373 829 3430 neque
843 3354 929 3411 vitam
943 3355 1045 3413 amittit
1059 3355 1089 3411 in
1103 3353 1197 3411 undis.
1247 3353 1288 3411 60

372 3432 413 3488 At
427 3432 501 3488 bona
515 3451 579 3508 pars
594 3432 740 3489 hominum
755 3434 877 3508 decepta
890 3434 1024 3511 cupidine
1039 3434 1119 3505 falso,

333 3514 351 3542 ‘⁶
364 3509 414 3567 Nil
427 3508 494 3568 satis
506 3512 576 3582 est,'¹
589 3511 696 3585 inquit;
712 3516 729 3542 “
741 3513 808 3588 quia
816 3524 897 3586 tanti,
908 3525 1045 3589 quantum
1058 3513 1174 3584 habeas,
1185 3510 1254 3568 sis.’'

331 3588 413 3650 Quid
428 3589 514 3647 facias
529 3591 588 3648 itlit
606 3591 707 3667 jubeas
721 3593 855 3650 miserum
871 3612 944 3666 esse,
957 3593 1078 3650 libenter
1210 3654 1217 3666 ι

331 3668 486 3730 Quatenus
501 3671 529 3726 id
545 3670 629 3727 lacit:
651 3682 682 3727 ut
695 3672 810 3746 quidam
824 3683 996 3729 memoratur
1011 3669 1145 3742 Athenis,

332 3747 471 3804 Sordidus
485 3768 519 3805 ac
533 3749 621 3821 dives,
635 3751 731 3825 populi
746 3761 929 3808 contemnere
943 3769 1027 3807 voces
1069 3754 1072 3760 '
1245 3749 1285 3807 65

333 3826 383 3882 Sic
397 3827 511 3884 solitus:
534 3828 688 3903 “Populus
702 3848 748 3885 me
763 3829 872 3898 sibilat3
894 3841 923 3886 at
937 3829 1007 3886 mihi
1020 3828 1126 3904 plaudo

332 3904 398 3979 lpse
413 3906 499 3978 domi,
515 3907 598 3963 simul
614 3925 648 3962 ac
662 3925 794 3965 nummos
809 3906 984 3983 contemplor
998 3908 1027 3964 in
1042 3909 1138 3966 arcd.’'

332 3983 473 4042 'l'antalus
487 4005 503 4042 a
518 3985 605 4042 labris
616 3985 714 4042 sitiens
728 3986 866 4062 fugientia
880 3997 976 4062 captat

332 4061 474 4120 Flumina.
509 4064 589 4125 Quid
605 4065 701 4122 ridesl
722 4077 831 4122 mutato
845 4067 960 4124 nomine
974 4066 1010 4123 de
1024 4076 1052 4124 te

332 4140 442 4200 Fabula
456 4155 602 4201 narratur:
624 4144 766 4221 congestis
781 4145 906 4220 undique
921 4147 1013 4204 saccis
