3084 4900
558 611 758 661 CARMINUM
776 612 841 662 LIB.
858 616 880 662 1.

626 831 710 890 ODE
730 833 814 891 XVI.

552 1016 554 1019 Α
637 969 678 1025 μ)
692 969 796 1009 vanum

262 1071 404 1142 Numam,
418 1070 505 1141 Vare,
519 1068 600 1125 saord
614 1068 670 1126 vite
683 1066 881 1144 priirpseveris
895 1070 1025 1129 arborem

262 1152 349 1208 Circa
362 1150 431 1207 mite
442 1148 533 1205 solum
546 1147 674 1218 Tiburis,
689 1158 718 1204 et
731 1148 837 1204 moenia
851 1149 937 1209 Catili
947 1170 972 1207 :1

261 1230 355 1287 Siccis
367 1229 463 1286 omnia
476 1246 542 1284 nam
557 1227 628 1283 dura
648 1225 728 1283 Deus
741 1228 900 1303 proposuit3
922 1248 1015 1305 neque

260 1308 414 1366 Mordaees
427 1307 508 1365 aliter
522 1306 674 1381 diffugiunt
688 1306 901 1364 sollicitudines,

258 1388 337 1450 Quis
350 1398 413 1463 post
425 1387 491 1443 vina
503 1404 618 1463 gravem
632 1385 761 1443 militiam
775 1396 824 1442 aut
836 1387 1001 1462 pauperiem
1014 1391 1131 1464 erepatl
1190 1392 1210 1448 5

258 1466 337 1529 Quis
344 1485 408 1523 «non
421 1476 449 1523 te
462 1462 566 1541 potins,
581 1464 695 1522 Bacche
709 1477 799 1541 pater,
813 1475 907 1540 teque,
922 1467 1029 1524 decens
1043 1468 1162 1527 Venusl

259 1546 302 1603 At
315 1564 352 1602 ne
366 1545 427 1619 quis
441 1544 546 1601 modici
559 1544 697 1602 transiliat
711 1563 830 1601 munera
844 1544 949 1617 Liberi,

259 1625 423 1682 Centaurea
436 1633 532 1680 monet
547 1642 613 1679 oum
626 1622 756 1698 Lapithis
769 1624 831 1680 rixa
844 1643 928 1699 super
942 1643 1019 1682 mero

259 1703 409 1761 Debellata
417 1722 425 1771 3
446 1712 543 1760 monet
557 1702 697 1759 Sithoniis
710 1722 768 1760 non
783 1702 853 1758 levis
866 1702 964 1775 Euius,

256 1783 360 1844 Quum
374 1782 416 1838 fas
430 1792 513 1856 atque
527 1780 607 1837 nefas
621 1781 724 1856 exiguo
738 1781 795 1837 line
808 1781 960 1838 libidinum

258 1862 436 1919 Discernunt
449 1859 531 1917 avidi.
543 1865 552 1919 ,l
572 1858 641 1916 Non
655 1878 709 1935 ego
722 1869 760 1930 te,
776 1859 898 1916 candide
912 1859 1062 1936 Bassareu,

259 1940 384 1998 Invitum
398 1939 542 2014 quatiam:
563 1956 618 1995 neo
632 1938 716 1994 variis
729 1938 822 1995 obsita
835 1938 983 1995 frondibus

258 2019 320 2077 Sub
334 2019 430 2075 divum
444 2016 559 2093 rapiam.
602 2017 684 2074 Saeva
697 2028 763 2074 tene
775 2036 841 2073 eum
855 2017 1045 2093 Berecynthio

257 2099 357 2156 Cornu
370 2108 512 2173 tympana,
528 2114 590 2171 quae
604 2096 783 2171 subsequitur
797 2115 891 2154 caecus
905 2098 995 2155 Amor
1008 2098 1063 2171 sui,

256 2177 296 2235 Et
309 2177 410 2235 tollens
423 2195 543 2234 vacuum
557 2173 621 2251 plirs
635 2176 724 2233 nimio
737 2175 835 2233 Gloria
847 2176 991 2250 verticem,
1172 2179 1207 2236 15

257 2256 422 2332 Areanique
433 2255 520 2313 Fides
533 2254 660 2331 prodiga,
673 2255 844 2332 perluoidior
858 2256 936 2314 vitro.

610 2570 694 2628 ODE
714 2571 816 2628 XVII.

581 2706 622 2743 AD
642 2705 849 2745 MAECENATEM.

374 2808 452 2866 Vina
466 2805 575 2882 potabis
589 2805 709 2863 modieis
724 2806 863 2863 Sabinum

373 2886 535 2957 Cantharis,
549 2885 652 2942 Graeed
666 2886 741 2960 quod
755 2904 809 2961 ego
823 2886 882 2962 ipse
897 2887 970 2945 testi

372 2966 528 3025 Conditum
541 2965 606 3036 levi,
622 2965 704 3021 datus
718 2965 747 3021 in
762 2967 872 3024 theatro

531 3044 631 3105 Quum
646 3045 697 3101 tibi
711 3044 836 3120 plausuS,

372 3125 446 3182 Care
461 3123 606 3180 Maeoenos
619 3143 715 3198 eques,
730 3134 761 3180 ut
774 3123 885 3199 paterni

371 3203 513 3261 Fluminis
525 3203 602 3277 ripae,
617 3203 700 3259 simul
714 3214 743 3259 et
754 3203 852 3278 jocosa

371 3283 518 3340 Redderet
531 3281 630 3338 laudes
644 3282 695 3338 tibi
708 3283 843 3340 Vatioani

528 3360 636 3418 Montis
650 3361 751 3436 imago.

370 3440 528 3498 Caecubum
542 3451 571 3497 et
583 3440 669 3515 praelo
683 3441 820 3498 domitam
835 3441 947 3500 Caleno

370 3519 419 3577 Tu
433 3519 513 3578 bibes
526 3538 626 3575 uvam:
648 3538 712 3576 mea
726 3538 781 3576 neo
795 3519 926 3577 Falernae

369 3598 545 3675 Temperant
558 3598 628 3654 vites
641 3616 733 3673 neque
748 3598 894 3656 Formiani

527 3676 635 3735 Pocula
648 3676 742 3734 colles.

448 3756 469 3814 2
