3084 4900
514 614 713 664 CARMINUM
731 616 796 663 LIB.
814 616 864 665 111.

390 757 547 833 Ridetque,
559 758 582 813 si
597 758 721 814 mortalis
735 758 810 815 ultra

430 836 487 893 Fas
501 836 630 910 trepidat.
664 836 754 895 Quod
769 837 858 907 adest,
872 847 1025 917 memento)

352 916 534 990 Componere
549 933 662 988 aequus:
684 926 787 970 eaetera
801 913 928 971 fluminis
1004 922 1012 946 ‘'

352 994 426 1053 Ritu
441 994 579 1063 feruntur,
594 1010 672 1048 nuno
686 993 781 1050 medio
795 992 874 1050 alveo

394 1072 470 1129 Cum
484 1089 555 1146 pace
569 1071 727 1127 delabentis
741 1071 897 1127 Etruscum
1141 1071 1183 1131 85
1280 1114 1283 1116 -

431 1149 467 1206 In
481 1168 567 1220 mare,
582 1168 660 1205 nuno
674 1150 784 1224 lapides
797 1150 899 1207 adesos
923 1129 1165 1207 mamad*

354 1229 516 1303 stirpesque
530 1238 624 1303 raptas
638 1238 665 1284 et
679 1247 768 1303 pecus
781 1239 810 1285 et
824 1229 923 1286 domos

353 1307 500 1364 Volventis
514 1307 581 1378 und,
597 1326 653 1363 non
668 1308 730 1363 sine
744 1307 885 1365 montium

392 1385 523 1442 Clamore
537 1386 693 1460 vioinaeque
708 1386 795 1458 silvae,

432 1464 533 1523 Quum
549 1463 607 1521 sera
621 1465 741 1521 diluvies
753 1465 864 1539 quietos

354 1542 449 1600 Irritat
463 1561 569 1599 amnes.
611 1542 665 1599 Ille
678 1554 779 1619 potens
793 1544 838 1600 sui

353 1622 504 1695 Laetusque
519 1622 613 1695 deget,
628 1622 676 1678 eui
690 1622 757 1679 lieet
771 1623 801 1679 in
816 1623 893 1679 diem

392 1699 516 1771 Dixisse,
531 1704 548 1728 “
559 1700 626 1755 Vixi
636 1701 670 1755 '':
692 1719 755 1756 oras
769 1700 813 1756 vel
824 1700 886 1757 atrd

432 1776 520 1833 Nube
534 1776 629 1851 polum
644 1778 727 1834 Pater
741 1790 892 1852 occupato,

355 1856 407 1915 Vel
422 1856 480 1912 sole
494 1874 584 1930 puro:
606 1868 774 1912 nontamen
789 1857 899 1913 irritum

350 1935 554 2008 Quodcunque
568 1944 642 1992 retro
655 1945 698 1990 est
712 1934 816 1991 efficiet
824 1955 832 2004 3
853 1952 947 2009 neque

390 2013 529 2088 Diffinget
542 2012 735 2087 infectumque
749 2012 849 2071 reddet

429 2091 518 2153 Quod
533 2091 645 2167 fugiens
658 2091 745 2149 semel
760 2093 830 2150 hora
843 2092 926 2151 vexit.

351 2170 488 2242 Fortuna,
502 2189 576 2228 saevo
590 2171 654 2228 laeta
668 2172 791 2247 negotio,
805 2182 834 2228 et

351 2249 466 2308 Ludum
481 2249 649 2307 insolentem
663 2250 761 2307 ludere
776 2250 915 2327 pertinax,

393 2327 580 2386 Transmutat
593 2329 718 2387 incertos
732 2330 865 2402 honores,

430 2405 460 2464 N
462 2426 519 2464 uno
532 2408 612 2479 mihi,
627 2427 705 2466 nuno
720 2409 767 2467 alii
782 2410 915 2485 benigna.

351 2486 452 2545 Laudo
465 2498 645 2544 manentem:
667 2488 692 2544 si
706 2489 813 2545 celeres
827 2487 917 2562 quatit

352 2564 476 2636 Pennas,
490 2565 604 2640 resigno
618 2583 681 2639 quae
695 2566 784 2637 dedit,
798 2575 827 2621 et
841 2566 906 2622 med

390 2644 504 2701 Virtute
518 2661 564 2698 me
578 2643 699 2713 involvo,
712 2645 886 2718 probamque

431 2720 599 2796 Pauperiem
614 2720 676 2776 sine
691 2721 755 2777 dote
769 2740 873 2795 quaero.

351 2799 420 2859 Non
434 2810 477 2855 est
491 2817 597 2871 meum,
612 2799 636 2855 si
650 2800 758 2875 mugiat
772 2798 879 2856 Africis

351 2878 449 2942 Malus
461 2877 602 2953 procellis,
617 2877 652 2934 ad
666 2879 783 2936 miseras
796 2897 897 2954 preces

391 2957 561 3028 Deourrere,
576 2967 605 3013 et
618 2957 687 3014 votis
700 2958 807 3036 pacisci

430 3033 477 3093 Ne
492 3034 604 3111 Cypriae
618 3035 770 3112 Tyriaeque
785 3055 896 3094 meroes

352 3115 471 3172 Addunt
484 3133 566 3171 avaro
581 3115 691 3172 divitias
705 3116 785 3174 mari.

351 3192 430 3251 Tum
444 3211 499 3264 me,
514 3193 629 3250 biremis
642 3197 774 3270 praesidio
788 3195 912 3270 soaphae,

390 3270 500 3328 Tutum
513 3291 563 3347 per
578 3273 692 3348 AEgaeos
705 3275 844 3331 tumultus

429 3351 510 3407 Aura
524 3351 595 3408 feret
607 3353 794 3428 geminusque
808 3351 918 3413 Pollux.

578 3679 663 3737 ODE
682 3680 799 3742 XXIV.

350 3802 449 3860 Exuet
464 3811 680 3858 monumentum
695 3820 750 3858 aere
763 3800 927 3877 perennius,
1028 3805 1031 3810 ’

351 3881 510 3956 Regulique
525 3881 580 3936 situ
594 3881 771 3955 pyramidum
786 3883 899 3952 altius3„
912 3874 1071 3957 l;,5,{5,„.‚2
1100 3898 1102 3903 ⁴

1178 3937 1196 3971 p

351 3960 440 4021 Quod
454 3978 511 4016 non
526 3960 616 4016 imber
630 3960 712 4031 edax,
727 3979 784 4018 non
800 3962 905 4036 Aquilo
919 3961 1060 4038 impotens
1079 3952 1144 4014 :vffl
1155 3970 1186 3992 ''³-

351 4037 444 4096 Possit
458 4038 578 4108 diruere,
594 4049 641 4094 aut
655 4039 869 4097 innumerabilis

351 4118 503 4174 Annorum
517 4118 614 4189 serieS,
629 4127 657 4174 et
671 4118 739 4193 fuga
752 4128 919 4194 temporum.
1161 4122 1185 4180 5
