3084 4900
613 590 644 647 Q.
663 590 809 639 HORATII
826 590 950 641 FLACCI

524 733 654 809 Tempus
667 734 831 792 Amazonia
845 734 939 791 securi

444 811 566 870 Dextras
579 814 715 887 obarmet,
730 833 855 887 quaerere
869 812 965 871 distuli

446 890 525 969 (Nec
539 892 612 949 scire
627 893 669 949 fas
684 903 726 949 est
740 892 851 971 omnia)
863 911 869 949 ε
890 893 941 949 sed
954 892 1004 950 diu

483 968 612 1046 Lateque
626 972 756 1028 victrices
770 982 900 1043 catervae,

523 1050 658 1107 Consiliis
669 1050 781 1124 juvenis
795 1050 918 1120 revictae,

443 1126 567 1186 Sensdre
580 1127 648 1202 quid
662 1148 743 1184 mens
757 1125 822 1199 rite,
836 1128 905 1201 quid
919 1126 1039 1201 indoles,

442 1206 559 1264 Nutrita
572 1206 671 1263 faustis
684 1206 737 1262 sub
750 1205 952 1281 penetralibus,

481 1285 590 1356 Posset,
604 1285 672 1358 quid
686 1285 812 1360 Augusti
825 1295 961 1359 paternus

519 1362 555 1420 In
568 1382 671 1438 pueros
685 1364 797 1420 animus
811 1362 951 1421 Nerones.

441 1442 542 1500 Fortes
556 1453 688 1500 creantur
701 1442 837 1512 fortibus3
858 1453 887 1499 et
900 1443 983 1500 bonis

440 1520 493 1579 Est
506 1522 536 1578 in
546 1521 686 1597 juvencis,
700 1533 743 1579 est
756 1522 787 1578 in
800 1522 890 1596 equis,
903 1533 1015 1597 patrum

480 1600 596 1657 Virtus:
617 1619 672 1657 neo
685 1600 830 1658 imbellem
841 1600 950 1658 feroces

520 1679 714 1755 Progenerant
728 1681 828 1755 aquila
842 1680 1012 1738 columbam.

440 1759 580 1816 Doctrina
594 1760 644 1816 sed
658 1760 715 1817 vim
728 1770 873 1835 promovet
886 1760 1010 1833 insitam,
1025 1796 1038 1806 »
1054 1799 1058 1803 -

440 1837 583 1914 Reotique
597 1838 690 1895 cultus
703 1851 819 1915 pectora
831 1839 979 1898 roborant:

480 1918 633 1993 Utcunque
647 1916 781 1976 defecere
795 1938 897 1990 mores,

519 1995 693 2054 Indecorant
706 1998 779 2054 bene
793 2009 860 2054 nata
873 1997 973 2073 culpae.

439 2074 522 2136 Quid
536 2076 649 2147 debeas,
664 2095 681 2132 o
695 2073 802 2147 Roma,
816 2073 993 2148 Neronibus,

439 2152 537 2210 Testis
550 2151 716 2211 Metaurum
729 2153 846 2225 fiumen,
860 2164 889 2211 et
903 2154 1067 2213 Hasdrubal

478 2231 626 2304 Devictus,
640 2243 670 2289 et
681 2231 801 2307 pulcher
815 2232 919 2307 fugatis

519 2309 571 2367 Ille
586 2311 647 2368 dies
661 2310 743 2369 Latio
757 2310 893 2384 tenebris,

438 2389 502 2451 Qui
514 2390 622 2466 primus
635 2390 710 2447 alma
723 2390 784 2447 risit
797 2390 910 2464 adorea,

438 2469 526 2527 Dirus
539 2489 588 2546 per
601 2471 687 2527 urbes
701 2470 771 2527 Afer
786 2480 818 2526 ut
831 2468 928 2543 Italas,

479 2549 543 2607 Ceu
556 2549 670 2607 flamma
682 2569 732 2626 per
747 2549 845 2622 tradas,
860 2551 903 2608 vel
918 2549 1014 2609 Eurus

518 2627 573 2686 Per
588 2630 701 2687 Siculas
714 2629 851 2705 equitavit
863 2631 964 2688 undas.

438 2707 574 2784 Posthac
587 2709 722 2767 secundis
735 2728 825 2784 usque
838 2709 982 2768 laboribus

439 2787 575 2846 Romana
587 2789 678 2865 pubes
692 2788 791 2860 crevit,
805 2799 834 2845 et
848 2789 934 2865 impio

384 2936 386 2939 Ι
477 2867 597 2926 Vastata
610 2867 764 2923 Poenorum
779 2866 902 2923 tumultu

516 2944 598 3001 Fana
611 2945 679 3001 deos
693 2941 820 3000 habuere
833 2955 934 3002 rectos.

437 3022 573 3097 Dixitque
593 3022 708 3080 tandem
721 3022 847 3098 perfidus
860 3022 1023 3082 Hannibal:

437 3107 455 3133 “
471 3102 565 3172 Cervi,
579 3102 709 3177 luporum
724 3101 820 3177 praeda
834 3102 991 3177 rapacium,

477 3181 627 3237 Sectamur
640 3180 714 3237 ultro
726 3198 797 3254 quos
810 3180 923 3254 opimus

516 3257 628 3316 Fallere
641 3269 670 3316 et
684 3258 811 3333 effugere
825 3270 868 3316 est
881 3259 1050 3336 triumphus.

435 3338 526 3409 Gens,
540 3357 602 3412 quae
616 3348 741 3394 cremato
754 3336 834 3394 fortis
847 3337 883 3394 ab
897 3337 960 3411 Ilio,

435 3415 549 3474 lactata
562 3415 668 3474 Tuscis
682 3416 842 3490 aequoribus
856 3435 947 3490 sacra,

475 3495 632 3572 Notosque,
646 3506 827 3571 maturosque
840 3508 944 3572 patres,

514 3574 634 3634 Pertulit
648 3576 793 3634 Ausonias
807 3576 843 3633 ad
856 3576 951 3650 urbes,

435 3652 522 3712 Duris
535 3667 568 3713 ut
581 3655 637 3712 ilex
650 3666 732 3713 tonsa
745 3655 918 3731 bipennibus

433 3732 533 3809 Nigrae
547 3734 634 3791 feraci
648 3734 755 3791 frondis
769 3734 799 3790 in
814 3734 930 3810 Algido,

473 3810 529 3869 Per
540 3812 654 3883 damna,
668 3831 718 3886 per
732 3812 836 3882 caedes,
851 3813 886 3869 ab
900 3813 962 3888 ipso

512 3888 601 3946 Ducit
614 3909 683 3964 opes
696 3889 879 3964 animumque
893 3891 974 3949 ferro.

434 3968 502 4026 Non
516 3967 616 4044 Hydra
629 3978 707 4026 secto
720 3987 837 4043 corpore
851 3969 956 4027 firmior

433 4048 520 4106 Vinci
534 4048 678 4105 dolentem
692 4047 781 4104 crevit
794 4047 824 4104 in
839 4046 1013 4121 Herculem3

472 4126 668 4184 Monstrumve
682 4124 839 4184 submisere
853 4127 955 4186 Colchi

511 4203 616 4282 Majus,
630 4204 814 4264 Echioniaeve
827 4205 947 4265 Thebae.
