3084 4900
637 646 669 703 Q
686 644 834 694 HORATII
849 643 974 693 FLACCI

590 788 758 848 Refrenare
771 788 929 859 licentiam,

433 869 534 927 Clarus
546 866 731 944 postgenitis:
752 876 903 940 quatenus,
918 867 975 922 heu
988 864 1083 924 nefas!

592 947 734 1004 Virtutem
749 945 923 1002 incolumem
935 943 1059 1018 odimus,

435 1025 582 1085 Sublatam
596 1045 632 1083 ex
644 1023 736 1083 oculis
749 1023 911 1096 quaerimus,
926 1021 1023 1081 invidi.

591 1103 673 1165 Quid
687 1103 782 1158 tristes
795 1101 989 1175 querimoniae,

435 1185 539 1244 Sinon
553 1181 690 1257 supplicio
704 1180 790 1255 culpa
803 1179 959 1236 recidituri

591 1259 673 1322 Quid
686 1259 774 1334 leges,
789 1257 851 1315 sine
864 1257 990 1315 moribus

436 1343 537 1413 Vanae,
551 1338 723 1416 proficiunt?
743 1337 768 1393 si
782 1355 875 1411 neque
889 1336 1003 1394 fervidis

592 1417 661 1476 Pars
674 1416 786 1474 inclusa
799 1415 941 1472 caloribus

435 1497 549 1571 Mundi,
564 1514 619 1554 uec
633 1496 730 1554 Boreae
741 1494 893 1551 finitimum
907 1493 991 1567 latus,

592 1574 765 1649 Durataeque
780 1574 839 1630 solo
853 1573 942 1645 nives,

436 1654 626 1713 Mercatorem
641 1654 780 1730 abigunt?
800 1652 914 1709 horrida
927 1650 1024 1709 callidi

594 1733 725 1790 Vincunt
739 1750 852 1806 aequora
865 1732 985 1788 navitaei

436 1813 577 1891 Magnum
591 1812 741 1889 pauperies
754 1811 934 1886 opprobrium
945 1809 1028 1885 jubet

592 1892 717 1961 Quidvis
731 1902 760 1948 et
775 1890 868 1947 faeere
881 1900 910 1946 et
922 1889 991 1966 pati,

436 1971 612 2045 Virtutisque
626 1972 700 2027 viam
715 1971 846 2025 deserere
861 1968 978 2024 arduaei

594 2048 649 2105 Vel
664 2067 716 2105 nos
730 2048 759 2103 in
774 2046 956 2120 Capitolium,

436 2126 507 2190 Qui>
521 2128 627 2183 clamor
641 2136 723 2182 vocat
735 2136 764 2181 et
778 2126 861 2180 turba
875 2123 1038 2197 faventium,

594 2204 649 2261 Vel
664 2222 717 2261 nos
732 2203 762 2259 in
777 2221 854 2259 mare
868 2203 1027 2277 proximum

437 2286 582 2356 Gemmas,
596 2293 626 2340 et
638 2282 756 2358 lapides,
771 2299 872 2338 aurum
885 2291 914 2338 et
928 2279 1038 2354 inutile,

597 2360 707 2419 Summi
721 2360 869 2418 materiam
882 2359 960 2431 mali,

438 2440 596 2516 Mittamus,
611 2440 757 2499 scelerum·
765 2441 789 2498 si
803 2439 877 2498 bene
890 2438 1016 2516 poenitet.

595 2520 748 2579 Eradenda
762 2520 904 2596 cupidinis

438 2600 521 2660 Pravi
535 2612 601 2661 sunt
615 2601 756 2658 elementa
764 2620 771 2671 ;
793 2610 823 2658 et
836 2610 941 2658 tenera
953 2597 1041 2656 nimis

596 2679 710 2738 Mentes
724 2681 913 2756 asperioribus

437 2760 607 2819 Formandae
622 2761 730 2817 studiis.
765 2758 868 2817 Nescit
881 2777 955 2834 equo
967 2756 1047 2816 rudis

586 2838 871 2912 'Haerereungenuus
884 2856 964 2913 puer,

438 2918 601 2995 Venarique
614 2917 711 2985 timet;
732 2916 832 2971 ludere
846 2915 964 2987 doctior,

597 2997 656 3052 Seu
669 2995 772 3052 Graeco
782 2993 884 3068 jubeas
897 2994 1007 3065 trocho,

440 3078 498 3135 Seu
513 3076 594 3133 malis
608 3075 694 3131 vetita
709 3073 821 3148 legibus
834 3071 914 3128 alea:

595 3154 697 3215 Quum
709 3151 823 3228 perjura
835 3150 923 3226 patris
936 3148 1007 3206 fides

439 3232 607 3292 consortem
622 3232 730 3289 socium
745 3229 823 3287 fallat
836 3240 865 3286 et
878 3228 1027 3304 hospitem,

597 3311 778 3386 Indignoque
791 3307 945 3384 pecuniam

441 3390 557 3450 Haeredi
570 3400 707 3468 properet.
743 3388 860 3445 Scilicet
873 3386 1008 3461 improba

597 3470 740 3528 Crescunt
753 3467 875 3525 divitiae:
895 3477 992 3524 tamen

440 3547 537 3609 Ourtoe
550 3549 648 3609 neseio
661 3549 728 3626 quid
742 3563 853 3624 semper
867 3545 948 3604 abest
960 3540 1011 3602 rei.
1025 3537 1092 3749 >RN

1052 3619 1061 3655 i

1004 3648 1072 3720 [p

725 3859 810 3919 ODE
830 3856 916 3917 xm

715 3999 756 4037 Au
771 3996 924 4038 Buccuuu.

598 4095 670 4162 Quo
684 4117 740 4172 me,
756 4097 881 4169 Bacche,
894 4094 970 4172 rapis
982 4093 1025 4154 tui

442 4179 583 4240 Plenumi
602 4179 678 4242 Quae
692 4197 819 4251 nemora,
833 4193 903 4253 quos
916 4194 984 4252 agor
999 4175 1028 4234 in
1039 4192 1159 4254 specus,
