3084 4900
591 613 798 662 SATlRARUM
816 613 881 662 LIB.
898 614 920 662 1.

293 756 439 817 Indormis
452 756 576 829 inhians,
588 767 620 813 et
633 766 767 832 tanquam
783 776 899 833 parcere
913 757 1002 815 sacris

294 838 427 914 Cogeris,
442 847 491 893 aut
503 836 588 912 pictis
601 847 735 911 tanquam
750 839 876 912 gaudere
890 837 1009 894 tabellis.

293 916 401 974 Nescis
414 935 469 991 quo
482 915 573 972 valeat
586 933 730 988 nummus,
745 935 829 991 quern
843 916 966 991 praebeat
980 916 1082 973 usum'l

293 996 383 1053 Panis
396 1005 516 1067 ematur,
527 995 600 1065 olus,
614 994 672 1051 vini
686 995 840 1052 sextarius:
862 994 945 1068 adde,

292 1074 390 1136 Queis
403 1074 529 1131 humana
542 1074 594 1130 sibi
609 1074 703 1131 doleat
717 1085 819 1131 natura
832 1074 951 1150 negatis.

293 1154 346 1211 Au
360 1153 475 1229 vigilare
488 1163 566 1211 metu
579 1152 750 1225 exanimem,
764 1165 918 1227 noctesque
933 1153 1050 1228 diesque

293 1230 461 1291 Formidare
476 1232 564 1290 malos
578 1232 663 1304 fures,
678 1232 822 1305 incendia,
836 1251 941 1303 servoS,

293 1310 343 1369 Ne
357 1323 386 1369 te
399 1312 553 1387 compilent
566 1311 717 1386 fugientes,
732 1312 787 1368 hoc
797 1311 896 1387 juvatl
917 1312 1017 1368 horum

294 1391 415 1466 Semper
429 1410 483 1465 ego
496 1391 617 1466 optririm
630 1391 826 1465 pauperrimus
839 1410 901 1448 esse
916 1392 1104 1449 bonorum.-

294 1470 347 1543 At,
362 1470 387 1527 si
398 1470 544 1528 condoluit
557 1480 696 1527 tentatum
711 1470 814 1545 frigore
828 1489 940 1545 corpus,

294 1549 357 1606 Aut
371 1549 443 1605 alius
454 1568 537 1605 casus
550 1549 626 1606 lecto
640 1560 668 1605 te
684 1548 782 1621 affixit,
797 1550 884 1606 habes
897 1550 946 1623 qui

294 1628 440 1700 Assideat,
454 1627 579 1685 fomenta
590 1639 678 1703 paret,
693 1627 837 1684 medicum
852 1638 940 1703 roget,
956 1639 986 1685 ut
999 1637 1028 1685 te

295 1706 431 1780 Suscitet,
443 1726 477 1763 ac
491 1708 591 1763 reddat
604 1707 678 1763 natis
692 1708 821 1782 carisque
834 1707 997 1783 propinquis
1004 1708 1054 1764 l-

293 1784 365 1844 Non
378 1805 448 1843 uxor
462 1786 569 1843 salvum
584 1796 612 1843 te
626 1786 694 1858 vult,
709 1805 766 1842 non
781 1786 872 1842 filius:
892 1805 992 1843 omues

293 1864 394 1923 Vicini
407 1866 538 1937 oderunt,
553 1865 622 1938 noti,
637 1865 717 1940 pueri
732 1875 815 1939 atque
829 1865 952 1940 puellae·

294 1942 419 2017 Miraris,
433 1963 521 2019 quum
534 1955 566 2008 tu
580 1955 697 2020 argento
711 1955 774 2020 post
787 1944 883 2001 omnia
896 1963 995 2019 ponas,

295 2023 328 2082 Si
342 2042 427 2082 nemo
440 2034 562 2100 praestet,
576 2043 660 2098 quem
675 2043 732 2081 uon
747 2024 892 2097 merearis,
907 2024 1053 2081 amoreml

294 2104 356 2176 An,
370 2103 394 2160 si
408 2114 553 2178 cognatos,
568 2104 645 2161 nullo
659 2116 760 2162 natura
774 2103 869 2162 labore

292 2182 379 2245 Quos
392 2182 443 2240 tibi
457 2184 515 2254 dat,
529 2183 651 2240 retinere
666 2184 744 2255 velis,
760 2202 927 2258 servareque
941 2182 1060 2256 amicos,

294 2261 399 2319 Infelix
412 2280 526 2337 operam
538 2264 650 2338 perdas,
665 2274 697 2320 ut
710 2264 734 2320 si
748 2263 811 2338 quis
825 2263 942 2322 asellum

294 2339 330 2399 In
346 2359 446 2417 campo
460 2342 562 2398 doceat
575 2353 721 2418 parentem
736 2362 849 2400 currere
864 2343 980 2401 fraenisl

293 2419 425 2496 Denique
440 2420 476 2479 sit
489 2420 554 2479 linis
567 2423 731 2497 quaerendi3
752 2441 863 2498 quoque
878 2424 983 2481 habeas
992 2420 1066 2498 plus,

250 2554 253 2559 ⁴
292 2499 462 2578 Pauperiem
473 2512 582 2558 metuas
596 2499 701 2574 minirs,
716 2513 745 2559 et
758 2503 840 2559 finire
854 2501 980 2560 laborem

293 2578 430 2656 Incipias,
444 2591 524 2655 parto
537 2581 612 2654 quod
627 2580 745 2649 avebas;
767 2600 804 2637 ne
819 2581 907 2637 facias
920 2580 995 2655 quod

293 2658 455 2718 Ummidius
468 2659 594 2733 quidam,
609 2677 666 2715 nou
676 2658 762 2733 longa
775 2670 819 2716 est
833 2659 936 2731 fabula,
951 2660 1030 2716 dives

292 2737 333 2796 Ut
345 2739 492 2796 metiretur
506 2755 656 2806 uumm0s;
678 2737 717 2794 ita
730 2738 870 2810 sordidus,
884 2748 917 2794 ut
929 2757 961 2795 se

292 2816 362 2876 Non
377 2835 503 2892 unquam
517 2835 596 2873 servo
610 2814 712 2874 melius
727 2818 841 2875 vestiret
849 2838 856 2887 ;
880 2817 1019 2893 adusque

293 2898 467 2974 Supremum
481 2905 602 2971 tempus,
618 2915 655 2953 ne
666 2916 697 2953 se
711 2897 830 2972 penuria
841 2897 933 2954 victus

292 2975 483 3052 Opprimeret,
498 2976 650 3034 metuebat.
686 2977 726 3034 At
741 2977 818 3034 hunc
831 2976 931 3034 liberta
945 2975 1038 3034 securi

292 3054 397 3113 Divisit
410 3055 547 3128 medium,
562 3056 713 3114 fortissima
727 3055 1009 3131 Tyndaridarum-
1188 3058 1245 3117 100

290 3134 375 3197 Quid
388 3132 428 3191 mi
443 3135 528 3209 igitur
543 3135 665 3193 suadesl
686 3147 717 3193 ut
730 3135 822 3193 vivam
836 3135 864 3192 N
868 3137 972 3193 aeviusl
992 3146 1042 3194 aut
1054 3135 1098 3194 sic

292 3213 333 3271 Ut
345 3212 546 3272 Nomentanus
554 3214 705 3291 l-—Pergis
718 3216 875 3292 pugnantia
889 3234 988 3273 secum

293 3292 447 3350 Frontibus
460 3293 584 3351 adversis
598 3296 788 3370 componeret
821 3294 890 3353 Non
905 3315 969 3371 ego,
983 3313 1100 3352 avarum

290 3371 394 3434 Quum
408 3382 471 3429 veto
484 3382 512 3429 te
526 3370 597 3444 fieri,
611 3393 730 3449 vappam
741 3373 829 3449 jubeo
843 3393 877 3432 ac
891 3373 1072 3432 nebulonem.

293 3450 346 3510 Est
359 3451 433 3509 inter
447 3450 572 3508 Tanaim
585 3452 720 3526 quiddam
734 3471 921 3528 socerumque
935 3452 1046 3511 Viselli.
1188 3453 1245 3512 105

292 3529 345 3588 Est
359 3530 460 3589 modus
473 3531 503 3588 iu
516 3530 611 3603 rebus,
626 3541 692 3588 sunt
705 3531 776 3588 certi
790 3532 912 3605 denique
926 3531 1007 3602 fines,

290 3609 377 3672 Quos
390 3609 463 3667 ultra
477 3609 603 3683 citraque
617 3610 716 3684 nequit
729 3610 885 3667 consistere
899 3618 1019 3666 rectum.

332 3686 418 3761 Illuc,
431 3687 509 3746 unde
523 3689 591 3760 abii,
605 3688 699 3746 redeo.
734 3687 764 3744 N
766 3691 858 3746 emou'
874 3700 905 3746 ut
919 3706 1019 3745 avarus

293 3768 332 3826 Se
345 3768 453 3866 probet,
468 3777 497 3825 at
510 3767 605 3843 potiris
618 3768 716 3825 laudet
729 3768 840 3825 diversa
853 3769 1024 3844 sequentesl

291 3846 439 3922 Quodque
453 3847 547 3904 aliena
559 3848 669 3923 capella
682 3858 762 3923 gerat
776 3848 926 3905 distentius
940 3848 1019 3922 uber,
1188 3848 1246 3908 110

292 3925 459 3983 Tabescatl
480 3945 573 4001 neque
584 3946 614 3984 se
629 3927 729 4004 majori
742 3928 943 4003 pauperiorum

292 4004 401 4062 Turbae
415 4007 579 4081 comparetl
600 4007 677 4063 huuc
692 4018 776 4081 atque
791 4008 868 4064 hunc
882 4026 1015 4082 superare
1029 4006 1158 4066 laboretl

292 4085 344 4142 Sic
358 4084 503 4142 festinanti
517 4104 628 4161 semper
641 4086 808 4161 locupletior
821 4087 931 4144 obstat:

291 4163 340 4238 Ut,
353 4181 443 4240 quum
456 4165 619 4221 carceribus
633 4166 734 4238 missos
746 4166 819 4244 rapit
830 4167 937 4238 ungula
950 4184 1060 4240 currus,
