3084 4900
635 593 668 651 Q.
686 593 833 644 HORATII
850 593 976 643 FLACCI

630 734 693 795 Nos
706 737 886 796 cantabimus
899 735 1022 795 invicem

468 813 648 895 Neptunum,
657 826 686 875 et
699 817 803 874 virides
817 815 978 874 Nereidum
992 835 1106 876 comas:

627 893 677 951 Tu
690 896 779 953 curvis
792 896 905 954 recines
917 895 979 971 lyris

468 973 620 1047 Latonam,
634 983 663 1031 et
676 974 778 1033 celeris
791 975 902 1053 spicula
912 974 1063 1050 Cynthiae:

629 1053 748 1111 Summo
762 1054 901 1125 carmine,
915 1070 979 1128 quae
993 1053 1109 1111 Cnidon

469 1131 682 1208 Fulgentesque
696 1141 776 1190 tenet
789 1131 940 1208 Cycladas,
955 1142 985 1189 et
997 1132 1115 1208 Paphon

628 1208 647 1266 J
648 1211 743 1268 unctis
756 1211 821 1269 visit
834 1206 977 1269 oloribus:
1065 1277 1071 1289 ,⁸

469 1289 590 1360 Dicetur
603 1287 705 1346 merita
719 1288 787 1348 Nox
799 1309 910 1366 quoque
920 1288 1024 1370 naepid.

698 1603 784 1661 ODE
803 1602 926 1664 XXIII.

668 1742 709 1780 An
729 1740 937 1780 MAEGENATEM.

471 1841 647 1900 Trnnuuua
668 1860 769 1917 regum
782 1841 944 1917 progenies,
958 1841 1010 1898 tibi

471 1919 540 1978 Non
554 1917 620 1978 ante
635 1939 716 1978 verso
729 1921 795 1977 lene
809 1939 919 1977 merum
933 1922 1006 1979 cado

511 1999 587 2058 Cum
601 1998 679 2072 flore,
695 1998 852 2070 Maecenas,
865 2018 1003 2072 rosarum,
1017 2010 1047 2058 et

550 2078 653 2135 Pressa
666 2078 723 2134 tuis
737 2077 856 2133 balanus
870 2078 979 2153 capillis

450 2204 453 2209 ,
471 2157 648 2215 Iamdudum
663 2156 739 2231 apud
753 2175 799 2212 me
813 2166 865 2212 est.
906 2156 994 2232 Eripe
1008 2166 1036 2214 te
1050 2175 1155 2216 morae:
1174 2191 1179 2197 ·

451 2275 454 2281 ι
472 2235 521 2294 Ne
536 2254 647 2310 semper
661 2235 751 2291 udum
765 2233 859 2291 Tibur
873 2245 903 2291 et
916 2235 1025 2291 AEsulae

510 2313 630 2372 Declive
644 2313 845 2388 contempleris
858 2332 966 2385 arvum,
981 2324 1010 2370 et

550 2392 693 2469 Telegoni
705 2392 775 2469 juga
787 2392 945 2469 parricidae.

472 2472 662 2531 Fastidiosam
676 2474 776 2530 desere
791 2472 913 2548 copiam,
926 2484 956 2530 et
1015 2486 1024 2508 ¹

452 2574 455 2579 ·
472 2551 581 2611 Molem
594 2552 781 2628 propinquam
794 2552 918 2610 nubibus
932 2551 1045 2610 arduis:

511 2631 622 2689 Omitte
635 2632 732 2690 mirari
745 2633 835 2689 beatae

552 2711 677 2770 Fumum
691 2722 720 2770 et
733 2732 801 2789 opes
814 2712 1018 2789 strepitumque
1031 2710 1144 2770 Romae.

472 2789 645 2867 Plerumque
658 2803 746 2868 gratae
760 2791 895 2849 divitibus
907 2792 986 2848 vices
997 2810 1005 2861 ;

462 2869 648 2946 ·-Mundaeque
662 2889 747 2945 parvo
761 2869 814 2927 sub
828 2871 886 2927 lare
899 2889 1057 2947 pauperum

473 2963 481 3010 ἓ,
512 2950 622 3020 Coenm,
637 2949 699 3005 sine
713 2948 811 3005 aulaeis
825 2959 854 3005 et
867 2959 952 3021 ostro,

482 3025 489 3048 '¹
552 3027 708 3085 Sollicitam
724 3025 888 3102 explicuere
902 3027 1032 3084 frontem.

472 3107 539 3164 Jam
553 3106 647 3163 clarus
660 3106 804 3163 occultum
816 3106 1015 3163 Andromedes
1025 3115 1106 3181 pater

472 3185 609 3245 Ostendit
623 3184 737 3262 ignem:
756 3184 816 3260 jam
830 3185 959 3259 Procyon
975 3184 1052 3259 furit,

511 3265 550 3322 Et
563 3263 644 3322 stella
657 3264 756 3320 vesani
771 3264 887 3335 LeoniS,

553 3343 620 3401 Sole
635 3344 696 3400 dies
710 3342 850 3401 referente
864 3344 965 3401 siccos.

471 3422 539 3481 Jam
552 3433 646 3498 pastor
661 3423 775 3480 umbras
790 3442 855 3480 cum
870 3441 956 3499 grege
970 3422 1107 3500 languido

472 3501 635 3578 Rivumque
650 3504 742 3561 fessus
755 3504 864 3578 quaerit,
878 3513 907 3561 et
921 3503 1027 3560 horridi

511 3581 638 3641 Dumeta
653 3582 779 3652 Silvani;
800 3594 934 3658 caretque

551 3661 629 3738 Ripa
642 3662 721 3739 vagis
735 3663 878 3720 taciturna
891 3660 991 3718 ventis.
1082 3724 1092 3742 ⁵

471 3740 521 3799 Tu
535 3741 679 3799 civitatem
693 3742 756 3817 quis
771 3743 872 3799 deceat
885 3751 975 3797 status

471 3819 573 3893 Caras,
587 3831 616 3879 et
629 3820 700 3879 Urbi
711 3821 848 3878 sollicitus
858 3819 942 3876 times

509 3899 593 3962 Quid
607 3901 693 3957 Seres
706 3910 736 3956 et
749 3908 868 3973 regnata
881 3897 958 3972 Cyro

551 3979 657 4037 Bactra
669 3987 780 4054 parent,
794 3978 961 4051 Tanaisque
975 3976 1094 4036 discors.

474 4057 605 4116 Prudens
619 4057 705 4115 futuri
719 4056 854 4132 temporis
867 4056 975 4113 exitum
1128 4056 1132 4064 '

473 4136 640 4216 CaligIncsd
653 4146 737 4195 nocte
751 4135 855 4213 premit
867 4134 965 4207 Deus,
