3084 4900
618 624 818 674 CARMINUM
834 626 901 675 LIB.
918 626 941 675 1.

319 765 431 823 Pallida
445 764 526 824 Mors
538 785 618 843 aequo
630 768 723 844 pulsat
736 770 810 845 pede
823 789 980 847 pauperum
993 771 1137 847 tabernas,

401 845 573 922 Regumque
587 859 686 904 turres.
728 847 756 904 Ο
767 849 849 905 beate
863 850 953 922 Sexti,

321 923 398 983 Vitae
412 944 523 982 summa
537 926 629 982 brevis
640 946 719 1001 spem
732 946 786 984 nos
799 938 874 984 vetat
887 928 1022 988 inchoare
1035 930 1169 1010 longam:
1231 931 1269 991 15

400 1002 419 1058 J
422 1023 467 1060 arn
481 1014 510 1061 te
523 1015 633 1079 premet
645 1025 711 1077 nox,
727 1005 884 1082 fabulaque
898 1005 1012 1081 Manes,

252 1159 256 1165 .
322 1080 360 1141 Et
373 1083 475 1140 domus
488 1084 569 1140 exilis
583 1083 731 1154 Plutonia3
752 1082 810 1159 qud
825 1086 909 1143 simul
923 1087 1038 1187 mppria,

400 1160 468 1219 Non
482 1181 571 1238 regna
583 1164 642 1221 vini
655 1162 774 1221 sortiere
788 1164 860 1222 tulis.

709 1478 793 1537 ODE
807 1478 844 1540 V.

544 1618 585 1659 AI)
605 1619 638 1656 Μ.
659 1617 824 1657 VIPSANIUM
844 1616 1011 1688 Asamum.

399 1721 567 1781 Scamarus-
575 1717 664 1776 Vario
678 1717 765 1789 fortis,
780 1727 809 1775 et
819 1717 943 1776 hostiurn

398 1799 509 1870 Victor,
523 1796 641 1853 Maeonii
655 1796 790 1852 carminis
804 1796 873 1867 aliti,

398 1877 497 1939 Quam
511 1894 571 1932 rem
585 1892 698 1948 cunque
713 1874 794 1930 ferox
807 1875 927 1931 navibus
940 1885 989 1933 aut
1003 1876 1082 1952 equis

558 1952 644 2009 Miles
657 1962 685 2009 te
700 1953 774 2009 duce
787 1954 914 2029 gesserit.

397 2034 470 2107 Nos,
485 2032 622 2109 Agrippa,
634 2051 727 2107 neque
741 2033 803 2089 haec
817 2032 922 2106 dicere,
936 2052 992 2092 nec
1004 2053 1119 2113 gravem
1246 2036 1268 2093 5

397 2114 503 2172 Pelidae
517 2113 693 2170 stomachum
707 2112 810 2169 cedere
824 2113 924 2184 nescii,

396 2193 462 2251 Nec
475 2211 575 2250 cursus
589 2191 710 2267 duplicis
724 2210 774 2266 per
788 2211 866 2249 mare
880 2192 1003 2268 Ulyssei',

553 2270 583 2327 N
585 2290 619 2327 ec
633 2290 735 2327 saevam
749 2269 862 2346 Pelopis
876 2272 1002 2345 domum,

396 2352 551 2423 conamur,
565 2361 666 2408 tenues
680 2350 816 2425 grandia:
838 2352 906 2407 dum
919 2352 1020 2426 pudor,

395 2432 578 2506 Irnbellisque
592 2428 760 2505 lyuaeMusa
773 2440 874 2505 potens
887 2441 964 2489 vetat

394 2511 508 2569 Laudes
522 2510 628 2585 egregii
642 2509 775 2580 Caesarie,
789 2520 818 2566 et
831 2521 903 2582 tuas,

552 2588 646 2662 Culpa
660 2589 788 2644 deterere
802 2587 909 2664 ingeni.

394 2668 471 2730 Quis
486 2666 609 2722 Martem
622 2666 721 2720 tunica
735 2676 843 2720 tectum
858 2666 1042 2724 adamantina

395 2744 493 2821 Digne
508 2743 671 2819 scripserit?
692 2752 741 2799 aut
754 2741 868 2818 pulvere
883 2743 974 2802 Troio

395 2824 519 2902 Nigrum
533 2822 706 2880 Merionenl
726 2833 775 2879 aut
788 2841 842 2897 ope
856 2823 979 2880 Palladis

553 2901 687 2978 Tydiden
701 2902 811 2979 superis
824 2904 942 2979 parem'l

689 3217 774 3277 ODE
787 3217 840 3277 VI.

454 3358 495 3398 An
516 3357 680 3399 MUNA'I'IUM
700 3356 852 3410 PLANCUM,
873 3356 1082 3397 consumunt.

352 3459 541 3519 Launanunu
556 3457 603 3514 alii
617 3457 722 3514 claram
737 3457 874 3528 Rhodon,
889 3467 939 3514 aut
952 3455 1123 3533 Mitylenen,

470 3539 531 3595 Aut
545 3536 701 3611 Ephesum,
716 3535 865 3592 bimarisve
879 3535 1011 3593 Corinthi

350 3615 470 3690 llloenia,
484 3617 528 3673 vel
544 3615 659 3672 Baccho
674 3612 801 3682 Thebas,
817 3614 860 3669 vel
875 3614 1009 3688 Apolline
1022 3614 1150 3691 Delphos

469 3694 612 3770 InsigneS,
627 3702 676 3749 aut
690 3691 832 3749 Thessala
846 3691 966 3768 Tempe.

350 3777 425 3836 Sunt
438 3777 539 3851 quibus
553 3792 642 3829 unum
656 3791 726 3847 opus
741 3783 784 3829 est
798 3772 912 3829 intactae
927 3772 1052 3831 Palladis
1066 3792 1146 3832 arces
1238 3761 1259 3816 5

468 3854 603 3912 Garmias
617 3863 752 3927 perpetuo
766 3852 921 3925 celebrare,
935 3863 964 3910 et

350 3933 482 4011 Undique
496 3935 658 4007 decerptam
674 3932 758 3988 fronti
771 3930 936 4007 praeponere
949 3933 1061 3990 olivam.

470 4013 623 4083 Plurimus,
638 4011 668 4068 in
683 4010 807 4069 lunonis
821 4012 969 4084 honorem,

349 4092 458 4172 Aptum
472 4093 542 4150 dicit
555 4091 635 4167 equis
649 4092 753 4165 Argos,
764 4092 893 4166 ditesque
907 4090 1055 4167 Mycenas.

468 4171 518 4228 hle
532 4191 587 4228 nec
601 4182 659 4228 tarn
673 4171 785 4246 patiens
796 4170 997 4245 Lacedaemon,
1222 4159 1260 4214 ¹⁰

508 4253 519 4308 1
536 4251 553 4284 C
