3084 4900
314 579 372 640 186
643 574 674 630 Q.
691 572 839 622 Houlru
856 572 980 622 rancor

351 720 471 779 Utilium
485 718 582 776 tardus
594 717 729 793 provisor,
743 716 880 793 prodigus
894 714 967 788 aeris,

353 799 500 869 Sublimis,
515 798 691 873 cupidusque
705 808 734 854 et
748 806 843 854 amata
856 795 1015 870 relinquere
1027 797 1138 873 pernix.
1250 800 1305 858 165

353 878 507 937 Conversis
520 876 632 948 studiis,
647 888 715 933 aetas
729 876 898 950 animusque
911 874 1001 931 virilis

350 958 464 1019 Quaerit
477 975 545 1032 opes
559 967 587 1013 et
601 956 750 1027 amicitias,
765 954 883 1011 inservit
895 954 1007 1027 honori,

352 1036 538 1095 commisisse
553 1046 634 1091 cavet
647 1035 722 1109 quod
736 1053 803 1092 mox
817 1044 927 1090 mutare
941 1032 1057 1091 laboret.

351 1115 446 1173 Multa
459 1134 557 1173 senem
571 1113 802 1170 circumveniunt
815 1112 998 1170 incommoda
1006 1132 1014 1182 ;
1035 1112 1079 1171 vel
1093 1111 1173 1190 qudd

350 1195 474 1267 Quaerit,
487 1204 517 1251 et
530 1192 653 1250 inventis
666 1192 752 1249 miser
767 1192 891 1249 abstinet
904 1210 939 1247 ac
952 1191 1034 1250 timet
1047 1192 1106 1263 uti;

350 1274 405 1332 Vel
419 1272 496 1350 quod
510 1292 555 1330 res
568 1290 668 1330 omnes
681 1269 781 1328 timide
796 1267 948 1346 gelideque
963 1271 1113 1346 ministrat,

351 1353 471 1424 Dilator,
486 1371 535 1428 spe
549 1352 662 1425 longus,
677 1350 763 1422 iners,
780 1351 935 1424 avidusque
950 1349 1046 1423 futuri,

351 1432 492 1502 Difficilis,
504 1430 648 1506 querulus,
663 1430 792 1487 laudator
806 1429 941 1505 temporis
954 1429 1012 1487 acti

352 1512 390 1567 Se
404 1530 504 1586 puer0,
520 1528 620 1566 censor
635 1510 843 1584 castigatorque
856 1508 1009 1566 minorum.
1091 1566 1094 1572 ,

351 1589 445 1647 Multa
459 1589 553 1646 lerunt
566 1589 634 1645 anni
648 1589 796 1646 venientes
810 1587 960 1646 commoda
974 1605 1090 1659 secum;

351 1668 444 1727 Multa
459 1669 626 1726 recedentes
640 1669 779 1725 adimunt.
820 1666 867 1723 Ne
881 1663 953 1723 forte
968 1666 1072 1724 seniles

351 1748 526 1806 Mandentur
537 1748 635 1823 juveni
649 1759 753 1824 partes,
767 1764 910 1822 pueroque
924 1744 1028 1817 viriles,

351 1830 470 1906 Semper
483 1829 513 1886 in
528 1828 669 1905 adjunctis
684 1845 798 1901 aevoque
812 1825 984 1883 morabimur
998 1824 1080 1900 aptis.

391 1911 452 1967 Aut
466 1908 558 1984 agitur
572 1926 617 1963 res
631 1906 661 1963 in
675 1906 780 1976 scenis,
795 1915 844 1961 aut
857 1915 921 1961 acta
935 1904 1071 1961 refertur:

352 1985 477 2064 Segnius
491 1987 601 2043 irritant
615 1986 725 2042 animos
739 1984 862 2041 demissa
875 2003 926 2059 per
941 2001 1050 2056 aurern,

350 2066 450 2129 Quam
464 2084 526 2141 quae
541 2076 607 2122 sunt
620 2064 712 2122 oculis
726 2063 854 2138 subjecta
868 2062 1009 2135 fidelibus,
1022 2072 1052 2120 et
1064 2080 1128 2139 quae

351 2145 417 2221 Ipse
431 2145 484 2201 sibi
498 2145 583 2202 tradit
597 2153 744 2218 spectator.
786 2140 854 2199 Non
869 2152 965 2199 tamen
981 2142 1057 2199 intus

351 2223 448 2301 Digna
461 2223 522 2300 geri
536 2240 648 2298 promes
662 2222 692 2279 in
707 2240 840 2289 scenam;
862 2222 1006 2297 multaque
1017 2220 1099 2278 tollss

351 2302 397 2360 Ex
410 2302 510 2374 oculis,
524 2319 587 2376 quae
601 2320 667 2358 mox
680 2310 776 2358 narret
790 2299 924 2357 facundia
936 2318 1078 2375 praesens:

351 2382 399 2440 Ne
412 2400 514 2459 pueros
528 2398 623 2437 coram
637 2380 742 2458 populo
755 2379 863 2437 Medea
875 2378 1013 2450 trucidet3

353 2464 415 2521 Aut
428 2463 552 2519 humana
565 2457 660 2536 paldm
674 2473 778 2536 coquat
791 2470 856 2518 exta
870 2460 995 2518 nefarius
1008 2460 1131 2532 Atreus3

351 2544 413 2601 Aut
423 2542 453 2599 in
467 2560 547 2599 avem
562 2541 675 2616 Progne
688 2552 823 2613 vertatur,
837 2540 966 2598 Cadmus
980 2538 1010 2596 in
1025 2558 1157 2616 anguem.

349 2621 554 2697 Quodcunque
567 2620 694 2679 ostendis
708 2620 781 2678 mihi
795 2621 847 2693 sic,
860 2619 1026 2677 incredulus
1039 2619 1096 2677 odi.

391 2701 473 2759 Neve
487 2701 588 2773 minor,
603 2719 660 2758 neu
674 2701 710 2758 sit
723 2702 824 2776 quinto
836 2700 1000 2776 productior
1013 2709 1079 2756 actu

351 2781 470 2853 Fabula,
485 2799 548 2856 quae
562 2780 640 2857 posci
653 2780 713 2837 vult
722 2793 752 2839 et
766 2790 893 2858 spectata
905 2778 1021 2856 reponi:

350 2859 381 2917 N
383 2879 417 2917 cc
430 2860 502 2917 deus
517 2859 637 2931 intersit,
651 2859 707 2916 nisi
721 2860 826 2936 dignus
839 2858 952 2915 vindice
966 2858 1060 2916 nodus

351 2938 504 2997 Inciderit:
525 2957 581 2997 nec
594 2950 694 3014 quarta
706 2938 782 3013 loqui
796 2955 916 3013 persona
929 2936 1046 2994 laboret.

391 3018 506 3075 Actoris
518 3029 613 3093 partos
627 3019 731 3076 chorus
745 3016 926 3090 officiumque
940 3015 1020 3073 virile

351 3095 509 3165 Defendat5
531 3096 669 3170 neuquid
684 3095 794 3153 medios
805 3095 958 3152 intercinat
972 3104 1062 3166 actus,

350 3174 440 3237 Quod
454 3194 512 3232 non
525 3174 668 3251 proposito
682 3174 826 3231 conducat
839 3184 868 3231 et
882 3174 987 3230 haereat
1001 3169 1084 3248 apte:

351 3253 404 3311 Ille
418 3253 499 3310 bonis
513 3253 669 3327 faveatque,
684 3263 712 3309 et
725 3252 891 3310 consilietur
905 3251 1005 3309 amicis
1013 3271 1020 3321 ;

351 3332 389 3390 Et
402 3343 482 3408 regat
496 3332 591 3404 iratos,
605 3343 635 3391 et
648 3341 724 3388 amet
737 3350 840 3407 pacare
855 3341 998 3388 tumentes
1009 3351 1016 3399 ;

351 3411 404 3469 Ille
419 3412 506 3487 dapes
521 3411 617 3469 laudet
630 3430 736 3468 mensae
751 3411 859 3481 brevis;
881 3410 929 3468 ille
942 3411 1085 3468 salubrem

351 3491 369 3548 J
372 3491 507 3564 ustitiam,
521 3491 664 3568 legesque,
678 3501 707 3549 et
721 3491 825 3566 apertis
837 3491 895 3549 otia
909 3490 996 3568 portis
1004 3510 1011 3561 ;

352 3569 406 3629 llle
419 3581 497 3648 tegat
510 3571 671 3644 commissa,
686 3572 810 3646 deosque
824 3582 956 3647 precetur
968 3582 996 3628 et
1009 3579 1080 3642 oret,
1243 3569 1303 3629 200

351 3650 390 3709 Ut
403 3653 501 3709 redeat
515 3651 634 3723 miseris,
650 3652 734 3708 abeat
748 3651 862 3709 fortuna
876 3650 1013 3727 superbis.

391 3729 479 3787 Tibia
492 3749 560 3800 non,
575 3741 606 3787 ut
620 3749 708 3803 nunc,
722 3730 867 3787 orichalco
881 3731 985 3800 vincta,
999 3728 1132 3803 tubaeque

350 3807 478 3882 AEmula,
492 3810 542 3866 sed
556 3809 650 3866 tenuis
664 3808 839 3884 simplexque
851 3808 988 3866 foramine
1002 3826 1105 3883 pauco,

351 3888 506 3964 Adspirare
521 3899 550 3946 et
564 3889 663 3945 adesse
677 3888 771 3945 choris
786 3897 847 3944 erat
860 3886 947 3958 utilis,
962 3897 1046 3962 atque

351 3965 488 4025 Nondum
503 3967 591 4043 spissa
605 3965 691 4024 nimis
706 3967 849 4042 complere
862 3966 962 4023 sedilia
976 3965 1054 4038 flatu,
1244 3965 1304 4025 205

350 4043 421 4106 Quo
436 4043 506 4104 sane
521 4045 641 4121 populus
654 4045 848 4116 numerabilis,
862 4056 958 4121 utpote
972 4065 1085 4121 parvus,

351 4122 390 4183 Et
403 4123 477 4202 frugi
491 4136 641 4200 castusque
655 4125 889 4202 verecundusque
903 4125 1006 4184 coibat.
