3084 4900
557 610 763 658 SATlRARUM
781 611 847 659 LlB.
865 610 886 659 1.
903 614 928 659 3.

278 752 388 830 Injussi
402 771 549 828 nunquam
564 753 711 810 desistant.
745 754 853 811 Sardus
867 755 989 813 habebat

278 833 334 890 Ille
349 832 493 909 Tigellius
507 833 569 889 hoc.
604 833 711 903 Caesar,
726 834 774 907 qui
789 853 891 909 cogere
904 845 1009 910 posset,

278 913 313 970 Si
326 924 434 989 peteret
447 931 497 987 per
511 911 663 968 amicitiam
678 913 765 987 patris
780 923 863 987 atque
878 932 968 985 suam,
980 932 1037 972 non
1215 914 1236 971 5

276 991 447 1066 Quidquam
461 989 625 1066 proficeret:
647 991 671 1046 si
685 990 869 1064 collibuisset,
885 992 987 1050 above

277 1070 377 1145 Usque
391 1072 427 1127 ad
441 1070 516 1127 mala
530 1069 639 1140 citaret,
661 1074 678 1099 “
689 1068 722 1126 Io
736 1070 882 1142 Bacche,’'
897 1068 983 1128 modo
998 1070 1110 1128 summit

277 1149 372 1221 Voce,
386 1147 472 1206 modd
488 1150 542 1205 bac
555 1158 669 1205 resonat
681 1168 743 1222 quae
758 1151 873 1206 chordis
886 1160 1006 1225 quatuor
1019 1151 1092 1218 ima„

278 1228 331 1285 Nil
346 1228 452 1303 aequale
467 1228 574 1299 bomini
589 1228 641 1284 fuit
654 1227 713 1284 illi:
735 1227 810 1303 saepd
825 1229 902 1286 velut
914 1230 962 1304 qui

278 1307 422 1364 Currebat
436 1303 548 1382 fugiens
562 1308 688 1376 hostem3
710 1306 837 1383 persaepe
853 1309 930 1366 velut
942 1308 990 1385 qui
1199 1308 1237 1367 1⁰

278 1385 403 1443 Junonis
416 1405 497 1444 sacra
510 1387 611 1444 ferret:
633 1386 754 1442 babebat
767 1385 842 1462 saepe
858 1389 1005 1461 ducentos,

280 1462 365 1541 Saepe
381 1466 481 1522 decem
493 1485 603 1522 servos:
625 1462 710 1522 modd
725 1485 806 1541 reges
820 1478 903 1541 atque
916 1467 1082 1539 tetrarchas,

279 1543 389 1602 Omnia
403 1563 507 1619 magna
520 1544 654 1619 loquens;
676 1542 771 1615 modi),
787 1550 805 1574 “
818 1546 862 1602 Sit
875 1547 944 1603 mihi
959 1565 1059 1603 mensa
1071 1545 1170 1622 tripes,
1183 1556 1213 1604 et

280 1623 403 1681 Concha
417 1624 483 1681 salis
496 1624 570 1700 puri,
584 1635 613 1681 et
626 1634 702 1698 toga,
716 1643 779 1697 quae
794 1624 948 1682 defendere
963 1626 1062 1701 frigus

279 1702 424 1764 Quamvis
437 1722 542 1775 crassa,
556 1704 668 1778 queat.”
692 1702 798 1759 Decies
812 1713 936 1760 centena
950 1705 1077 1761 dedisses
1199 1704 1236 1762 15

281 1782 362 1839 Huic
374 1801 460 1858 parco
470 1782 570 1858 paucis
583 1793 728 1852 contento,
740 1782 864 1855 quinque
878 1783 979 1839 diebus

280 1859 334 1918 Nil
348 1872 408 1919 erat
418 1862 448 1918 in
462 1861 579 1919 loculis:
601 1872 700 1917 noctes
714 1860 847 1935 vigilabat
861 1862 897 1917 ad
911 1862 1004 1937 ipsum

282 1940 391 2010 Mane3
413 1941 489 1999 diem
503 1951 591 1998 totam
606 1942 756 1997 stertebat:
778 1940 817 1996 nil
833 1940 884 1997 suit
898 1960 1024 2016 unquam

282 2021 334 2078 Sic
348 2020 436 2096 impar
451 2020 513 2077 sibi.
549 2018 637 2076 Nunc
652 2020 751 2094 aliquis
765 2021 842 2076 dicat
856 2021 926 2077 mihi
936 2020 1064 2083 :-Quid
1078 2022 1129 2079 tu?

280 2098 408 2157 Nullane
422 2100 510 2157 habes
524 2100 591 2156 vitia
601 2099 746 2156 l—lmmo
760 2099 825 2172 alia,
842 2111 870 2157 et
884 2101 1001 2157 fortasse
1016 2101 1133 2158 minora.
1194 2101 1234 2159 20

323 2178 447 2235 Manius
461 2179 607 2236 absentem
621 2178 745 2236 Novium
760 2199 847 2254 quum
862 2192 990 2255 carperet
998 2199 1006 2251 ;
1028 2179 1139 2238 “Heus
1153 2182 1212 2254 tu,’'

280 2257 410 2319 Quidam
426 2258 493 2329 ait,’'
515 2259 627 2333 ignoras
642 2260 690 2315 tel
711 2278 748 2315 an
763 2270 794 2315 ut
809 2259 936 2334 ignotum
951 2260 1019 2317 dare
1032 2259 1115 2317 nobis

279 2336 377 2395 Verba
390 2339 511 2412 putasl'’
554 2343 571 2368 “
585 2337 706 2413 Egomet
719 2336 759 2393 mi
775 2338 920 2413 ignosco,''
936 2337 1061 2396 Maenius
1074 2339 1174 2415 inquit.

282 2417 394 2475 Stultus
408 2428 437 2474 et
450 2417 593 2493 improbus
608 2418 656 2474 hic
670 2435 747 2474 amor
762 2428 814 2489 est,
829 2418 988 2493 dignusque
1002 2419 1102 2477 notari.

278 2496 382 2559 Quum
396 2508 445 2554 tua
457 2497 605 2572 pervideas
618 2497 708 2554 oculis
722 2496 797 2552 mala
811 2497 903 2571 lippus
917 2497 1051 2571 inunctiS,
1193 2499 1234 2556 25

280 2575 342 2632 Cur
355 2576 386 2633 in
399 2577 554 2633 amicorum
569 2576 643 2632 vitiis
657 2587 714 2631 tam
729 2576 823 2630 cernis
837 2572 963 2646 mutim,

279 2653 381 2716 Quam
395 2667 444 2712 aut
458 2655 560 2728 aquila,
576 2664 624 2709 aut
638 2672 754 2727 serpens
768 2653 960 2728 Epidaurius?
981 2654 1022 2711 At
1035 2654 1087 2712 tibi
1100 2654 1200 2713 contria

280 2733 396 2806 Evenit,
412 2735 556 2808 inquirant
570 2733 636 2788 vitia
651 2742 681 2787 ut
693 2742 742 2787 tua
755 2751 853 2788 rursus
867 2745 895 2788 et
910 2732 999 2788 illi.—

279 2812 450 2870 Iracundior
464 2823 507 2868 est
521 2808 624 2886 paulb:
647 2807 742 2867 minuis
756 2823 838 2886 aptus
853 2811 944 2868 acutis

279 2891 408 2949 Naribus
422 2893 522 2949 horum
538 2891 692 2947 hominum.
728 2890 831 2948 Rideri
845 2891 942 2986 possit,
956 2886 992 2949 ed
1006 2889 1083 2967 quod
1193 2894 1233 2951 30

279 2969 431 3028 Rusticiiis
446 2983 528 3028 tonso
541 2981 606 3046 toga
621 2969 729 3041 defluit,
744 2981 772 3027 et
786 2971 860 3027 male
872 2971 953 3028 laxus

279 3049 316 3107 In
330 3052 403 3125 pede
417 3051 531 3107 calceus
545 3051 722 3107 haret-At
736 3061 780 3106 est
795 3050 895 3123 bonuS,
910 3061 941 3108 ut
955 3051 1053 3109 melior
1067 3051 1109 3108 vir

280 3129 349 3186 Non
364 3130 435 3186 alius
448 3130 612 3204 quisquam:
634 3139 663 3186 at
675 3130 726 3186 tibi
740 3129 866 3187 amicus:
888 3141 916 3187 at
930 3130 1076 3206 ingenium
1091 3131 1193 3206 ingens

280 3206 395 3265 Inculto
408 3209 476 3265 latet
490 3210 544 3266 hoc
560 3209 612 3265 sub
626 3227 750 3284 corpore.
786 3208 918 3284 Denique
932 3221 961 3267 te
975 3211 1067 3285 ipsum

279 3287 422 3360 Concutc,
438 3307 506 3344 num
520 3307 576 3362 qua
589 3288 641 3344 tibi
655 3288 785 3345 vitiorum
800 3289 933 3346 inseverit
945 3289 1014 3346 olim
1193 3290 1233 3347 35

279 3365 401 3438 Natura,
416 3378 464 3424 aut
478 3367 563 3424 etiam
577 3369 754 3424 consuetudo
768 3368 857 3424 mala:
878 3387 1001 3443 namque

279 3443 310 3503 N
312 3444 431 3520 eglectis
445 3447 553 3503 urenda
567 3446 626 3502 filix
640 3446 797 3503 innascitur
812 3446 894 3522 agris.

321 3523 395 3581 Illuc
410 3537 620 3600 praevertamur,
635 3535 790 3581 amatorem
804 3522 880 3598 qudd
895 3524 995 3580 amicae

279 3603 391 3679 Turpia
405 3605 554 3680 decipiunt
567 3622 677 3660 caecum
691 3603 768 3674 vitia,
783 3614 832 3659 aut
846 3603 932 3659 etiam
946 3603 1007 3678 ipsa
1021 3603 1084 3662 hacc

280 3682 449 3753 Delectant3
470 3683 556 3740 veluti
571 3681 725 3740 Balbinum
739 3683 858 3758 polypus
872 3682 994 3758 Hagnae.
1191 3681 1233 3741 «1⁰

279 3761 392 3819 Vellem
406 3763 435 3819 in
450 3763 576 3820 amicitiai
590 3761 631 3818 sic
645 3780 814 3833 erraremus,
828 3771 857 3819 et
871 3761 917 3818 isti

279 3840 377 3899 Errori
391 3861 497 3899 nomen
511 3842 599 3898 virtus
612 3842 753 3916 posuisset
766 3841 926 3900 honestum.

280 3921 330 3992 At,
345 3933 425 3997 pater
440 3931 471 3978 ut
483 3922 573 3996 gnati,
588 3921 629 3977 sic
643 3940 695 3978 nos
710 3921 847 3978 debemus
861 3920 956 3993 amici,

280 4000 312 4057 si
327 4002 403 4076 quod
418 4001 455 4057 sit
469 4001 578 4072 vitium,
593 4019 650 4057 non
665 4000 800 4058 fastidire.
836 4001 1007 4058 Strabonem

280 4079 414 4156 Appellat
427 4089 532 4155 paetum
545 4089 644 4155 pater;
666 4091 694 4137 et
707 4080 828 4155 pullum,
843 4078 917 4137 male
932 4098 1034 4156 parvus
1191 4079 1233 4138 45

279 4158 312 4217 Si
326 4160 375 4217 cui
388 4159 463 4217 filius
477 4169 529 4232 est,
544 4169 576 4216 ut
589 4159 732 4216 abortivus
746 4159 799 4215 suit
812 4158 880 4217 olim
