<?xml version="1.0" encoding="UTF-8"?>
<!DOCTYPE html PUBLIC "-//W3C//DTD XHTML 1.0 Transitional//EN"
    "http://www.w3.org/TR/xhtml1/DTD/xhtml1-transitional.dtd">
<html xmlns="http://www.w3.org/1999/xhtml" xml:lang="en" lang="en">
 <head>
  <title>
</title>
<meta http-equiv="Content-Type" content="text/html;charset=utf-8" />
  <meta name='ocr-system' content='tesseract 3.04.00' />
  <meta name='ocr-capabilities' content='ocr_page ocr_carea ocr_par ocr_line ocrx_word'/>
</head>
<body>
  <div class='ocr_page' id='page_1' title='image "./quintihoratiifl00horagoog_0057.png"; bbox 0 0 3084 4900; ppageno 0'>
   <div class='ocr_carea' id='block_1_1' title="bbox 626 594 963 650">
    <p class='ocr_par' dir='ltr' id='par_1_1' title="bbox 626 594 963 650">
     <span class='ocr_line' id='line_1_1' title="bbox 626 594 963 650; baseline 0.009 -8"><span class='ocrx_word' id='word_1_1' title='bbox 626 595 657 650; x_wconf 88' lang='lat' dir='ltr'>Q.</span> <span class='ocrx_word' id='word_1_2' title='bbox 676 594 822 644; x_wconf 79' lang='lat' dir='ltr'><strong>HORATII</strong></span> <span class='ocrx_word' id='word_1_3' title='bbox 839 597 860 644; x_wconf 90' lang='lat' dir='ltr'>F</span> <span class='ocrx_word' id='word_1_4' title='bbox 862 596 963 646; x_wconf 86' lang='lat' dir='ltr'><strong>LACCI</strong></span> 
     </span>
    </p>
   </div>
   <div class='ocr_carea' id='block_1_2' title="bbox 454 737 1074 2313">
    <p class='ocr_par' dir='ltr' id='par_1_2' title="bbox 454 737 1074 2313">
     <span class='ocr_line' id='line_1_2' title="bbox 457 737 968 815; baseline -0.006 -14"><span class='ocrx_word' id='word_1_5' title='bbox 457 742 525 801; x_wconf 88' lang='lat' dir='ltr'>Non</span> <span class='ocrx_word' id='word_1_6' title='bbox 538 737 692 796; x_wconf 87' lang='lat' dir='ltr'>verberatae</span> <span class='ocrx_word' id='word_1_7' title='bbox 707 739 847 815; x_wconf 87' lang='lat' dir='ltr'>grandine</span> <span class='ocrx_word' id='word_1_8' title='bbox 862 739 968 809; x_wconf 81' lang='lat' dir='ltr'>vineae3</span> 
     </span>
     <span class='ocr_line' id='line_1_3' title="bbox 456 818 1055 895; baseline 0.003 -20"><span class='ocrx_word' id='word_1_9' title='bbox 456 818 611 876; x_wconf 84' lang='lat' dir='ltr'>Fundusve</span> <span class='ocrx_word' id='word_1_10' title='bbox 625 820 860 891; x_wconf 87' lang='lat' dir='ltr'>mendax,arhore</span> <span class='ocrx_word' id='word_1_11' title='bbox 875 839 953 877; x_wconf 91' lang='lat' dir='ltr'>nunc</span> <span class='ocrx_word' id='word_1_12' title='bbox 968 838 1055 895; x_wconf 86' lang='lat' dir='ltr'>aquas</span> 
     </span>
     <span class='ocr_line' id='line_1_4' title="bbox 496 897 989 975; baseline 0 -20"><span class='ocrx_word' id='word_1_13' title='bbox 496 897 648 975; x_wconf 86' lang='lat' dir='ltr'>Culpante,</span> <span class='ocrx_word' id='word_1_14' title='bbox 663 917 742 955; x_wconf 87' lang='lat' dir='ltr'>nunc</span> <span class='ocrx_word' id='word_1_15' title='bbox 756 900 892 956; x_wconf 86' lang='lat' dir='ltr'>torrentia</span> <span class='ocrx_word' id='word_1_16' title='bbox 906 918 989 975; x_wconf 87' lang='lat' dir='ltr'>agros</span> 
     </span>
     <span class='ocr_line' id='line_1_5' title="bbox 535 978 994 1052; baseline -0.007 -18"><span class='ocrx_word' id='word_1_17' title='bbox 535 978 645 1049; x_wconf 82' lang='lat' dir='ltr'><strong>Sidera,</strong></span> <span class='ocrx_word' id='word_1_18' title='bbox 660 996 739 1034; x_wconf 90' lang='lat' dir='ltr'>nunc</span> <span class='ocrx_word' id='word_1_19' title='bbox 753 978 861 1037; x_wconf 86' lang='lat' dir='ltr'>hiemes</span> <span class='ocrx_word' id='word_1_20' title='bbox 875 979 994 1052; x_wconf 89' lang='lat' dir='ltr'>iniquas.</span> 
     </span>
     <span class='ocr_line' id='line_1_6' title="bbox 456 1056 995 1130; baseline -0.002 -17"><span class='ocrx_word' id='word_1_21' title='bbox 456 1056 612 1113; x_wconf 86' lang='lat' dir='ltr'>Contracta</span> <span class='ocrx_word' id='word_1_22' title='bbox 625 1056 719 1130; x_wconf 85' lang='lat' dir='ltr'><strong>pisces</strong></span> <span class='ocrx_word' id='word_1_23' title='bbox 733 1074 846 1128; x_wconf 85' lang='lat' dir='ltr'>aequora</span> <span class='ocrx_word' id='word_1_24' title='bbox 859 1058 995 1128; x_wconf 90' lang='lat' dir='ltr'>sentiunt,</span> 
     </span>
     <span class='ocr_line' id='line_1_7' title="bbox 455 1134 1074 1209; baseline 0.002 -18"><span class='ocrx_word' id='word_1_25' title='bbox 455 1134 474 1191; x_wconf 88' lang='lat' dir='ltr'>J</span> <span class='ocrx_word' id='word_1_26' title='bbox 477 1136 548 1192; x_wconf 90' lang='lat' dir='ltr'>actis</span> <span class='ocrx_word' id='word_1_27' title='bbox 561 1135 591 1191; x_wconf 92' lang='lat' dir='ltr'>in</span> <span class='ocrx_word' id='word_1_28' title='bbox 606 1134 693 1191; x_wconf 88' lang='lat' dir='ltr'>altum</span> <span class='ocrx_word' id='word_1_29' title='bbox 707 1134 847 1190; x_wconf 91' lang='lat' dir='ltr'>molibus:</span> <span class='ocrx_word' id='word_1_30' title='bbox 869 1135 926 1190; x_wconf 92' lang='lat' dir='ltr'>huc</span> <span class='ocrx_word' id='word_1_31' title='bbox 941 1135 1074 1209; x_wconf 82' lang='lat' dir='ltr'>frequens</span> 
     </span>
     <span class='ocr_line' id='line_1_8' title="bbox 496 1212 956 1288; baseline -0.002 -17"><span class='ocrx_word' id='word_1_32' title='bbox 496 1214 644 1271; x_wconf 87' lang='lat' dir='ltr'>Caemeuta</span> <span class='ocrx_word' id='word_1_33' title='bbox 659 1212 781 1269; x_wconf 91' lang='lat' dir='ltr'>demittit</span> <span class='ocrx_word' id='word_1_34' title='bbox 794 1213 956 1288; x_wconf 87' lang='lat' dir='ltr'>redemptor</span> 
     </span>
     <span class='ocr_line' id='line_1_9' title="bbox 535 1291 1043 1366; baseline 0.002 -18"><span class='ocrx_word' id='word_1_35' title='bbox 535 1291 611 1348; x_wconf 90' lang='lat' dir='ltr'>Cum</span> <span class='ocrx_word' id='word_1_36' title='bbox 625 1291 747 1363; x_wconf 80' lang='lat' dir='ltr'>famulis,</span> <span class='ocrx_word' id='word_1_37' title='bbox 759 1292 948 1366; x_wconf 90' lang='lat' dir='ltr'>dominusque</span> <span class='ocrx_word' id='word_1_38' title='bbox 961 1302 1043 1350; x_wconf 85' lang='lat' dir='ltr'>terrae</span> 
     </span>
     <span class='ocr_line' id='line_1_10' title="bbox 456 1369 984 1427; baseline 0 0"><span class='ocrx_word' id='word_1_39' title='bbox 456 1369 649 1427; x_wconf 87' lang='lat' dir='ltr'>Fastidicsus:</span> <span class='ocrx_word' id='word_1_40' title='bbox 672 1372 723 1427; x_wconf 91' lang='lat' dir='ltr'>sed</span> <span class='ocrx_word' id='word_1_41' title='bbox 736 1370 838 1427; x_wconf 90' lang='lat' dir='ltr'>Timor</span> <span class='ocrx_word' id='word_1_42' title='bbox 852 1381 881 1427; x_wconf 93' lang='lat' dir='ltr'>et</span> <span class='ocrx_word' id='word_1_43' title='bbox 894 1369 984 1427; x_wconf 81' lang='lat' dir='ltr'>Minae</span> 
     </span>
     <span class='ocr_line' id='line_1_11' title="bbox 456 1446 1073 1525; baseline 0.002 -19"><span class='ocrx_word' id='word_1_44' title='bbox 456 1449 607 1506; x_wconf 85' lang='lat' dir='ltr'>Scandunt</span> <span class='ocrx_word' id='word_1_45' title='bbox 620 1447 723 1506; x_wconf 85' lang='lat' dir='ltr'>eddem</span> <span class='ocrx_word' id='word_1_46' title='bbox 737 1446 793 1524; x_wconf 82' lang='lat' dir='ltr'>qud</span> <span class='ocrx_word' id='word_1_47' title='bbox 808 1451 958 1520; x_wconf 84' lang='lat' dir='ltr'>dominus3</span> <span class='ocrx_word' id='word_1_48' title='bbox 979 1469 1073 1525; x_wconf 91' lang='lat' dir='ltr'>neque</span> 
     </span>
     <span class='ocr_line' id='line_1_12' title="bbox 495 1527 895 1601; baseline 0 -16"><span class='ocrx_word' id='word_1_49' title='bbox 495 1527 620 1585; x_wconf 88' lang='lat' dir='ltr'>Decedit</span> <span class='ocrx_word' id='word_1_50' title='bbox 634 1529 720 1585; x_wconf 70' lang='lat' dir='ltr'>aerata</span> <span class='ocrx_word' id='word_1_51' title='bbox 733 1529 852 1601; x_wconf 86' lang='lat' dir='ltr'>triremi,</span> <span class='ocrx_word' id='word_1_52' title='bbox 866 1539 895 1585; x_wconf 95' lang='lat' dir='ltr'>et</span> 
     </span>
     <span class='ocr_line' id='line_1_13' title="bbox 534 1606 1005 1683; baseline 0.006 -20"><span class='ocrx_word' id='word_1_53' title='bbox 534 1606 602 1664; x_wconf 89' lang='lat' dir='ltr'>Post</span> <span class='ocrx_word' id='word_1_54' title='bbox 612 1608 737 1683; x_wconf 86' lang='lat' dir='ltr'>equitem</span> <span class='ocrx_word' id='word_1_55' title='bbox 751 1609 832 1665; x_wconf 91' lang='lat' dir='ltr'>sedet</span> <span class='ocrx_word' id='word_1_56' title='bbox 845 1619 905 1665; x_wconf 88' lang='lat' dir='ltr'>atra</span> <span class='ocrx_word' id='word_1_57' title='bbox 919 1608 1005 1666; x_wconf 88' lang='lat' dir='ltr'>Cura.</span> 
     </span>
     <span class='ocr_line' id='line_1_14' title="bbox 454 1681 1057 1764; baseline -0.005 -17"><span class='ocrx_word' id='word_1_58' title='bbox 454 1681 545 1747; x_wconf 73' lang='lat' dir='ltr'>Quod</span> <span class='ocrx_word' id='word_1_59' title='bbox 559 1685 583 1743; x_wconf 88' lang='lat' dir='ltr'>si</span> <span class='ocrx_word' id='word_1_60' title='bbox 597 1686 740 1744; x_wconf 89' lang='lat' dir='ltr'>dolentem</span> <span class='ocrx_word' id='word_1_61' title='bbox 754 1707 809 1744; x_wconf 91' lang='lat' dir='ltr'>nec</span> <span class='ocrx_word' id='word_1_62' title='bbox 823 1687 963 1764; x_wconf 82' lang='lat' dir='ltr'>Phrygius</span> <span class='ocrx_word' id='word_1_63' title='bbox 976 1688 1057 1764; x_wconf 87' lang='lat' dir='ltr'>lapis,</span> 
     </span>
     <span class='ocr_line' id='line_1_15' title="bbox 454 1764 944 1841; baseline 0.008 -19"><span class='ocrx_word' id='word_1_64' title='bbox 454 1764 520 1822; x_wconf 92' lang='lat' dir='ltr'>Nec</span> <span class='ocrx_word' id='word_1_65' title='bbox 534 1785 721 1841; x_wconf 90' lang='lat' dir='ltr'>purpurarum</span> <span class='ocrx_word' id='word_1_66' title='bbox 736 1768 829 1824; x_wconf 87' lang='lat' dir='ltr'>sidere</span> <span class='ocrx_word' id='word_1_67' title='bbox 843 1768 944 1826; x_wconf 81' lang='lat' dir='ltr'>clarior</span> 
     </span>
     <span class='ocr_line' id='line_1_16' title="bbox 494 1843 909 1918; baseline 0.007 -17"><span class='ocrx_word' id='word_1_68' title='bbox 494 1843 611 1902; x_wconf 91' lang='lat' dir='ltr'>Delenit</span> <span class='ocrx_word' id='word_1_69' title='bbox 624 1865 702 1918; x_wconf 82' lang='lat' dir='ltr'>usus„</span> <span class='ocrx_word' id='word_1_70' title='bbox 717 1866 772 1904; x_wconf 92' lang='lat' dir='ltr'>nec</span> <span class='ocrx_word' id='word_1_71' title='bbox 786 1846 909 1904; x_wconf 88' lang='lat' dir='ltr'>Falerna</span> 
     </span>
     <span class='ocr_line' id='line_1_17' title="bbox 533 1923 1032 1997; baseline 0.004 -16"><span class='ocrx_word' id='word_1_72' title='bbox 533 1923 619 1997; x_wconf 87' lang='lat' dir='ltr'>Vitis,</span> <span class='ocrx_word' id='word_1_73' title='bbox 633 1926 889 1983; x_wconf 86' lang='lat' dir='ltr'>Achaemeniumve</span> <span class='ocrx_word' id='word_1_74' title='bbox 904 1938 1032 1997; x_wconf 88' lang='lat' dir='ltr'>costum;</span> 
     </span>
     <span class='ocr_line' id='line_1_18' title="bbox 455 2002 960 2080; baseline 0.006 -20"><span class='ocrx_word' id='word_1_75' title='bbox 455 2002 515 2060; x_wconf 82' lang='lat' dir='ltr'>Cur</span> <span class='ocrx_word' id='word_1_76' title='bbox 529 2002 689 2060; x_wconf 89' lang='lat' dir='ltr'>invidendis</span> <span class='ocrx_word' id='word_1_77' title='bbox 703 2006 831 2080; x_wconf 90' lang='lat' dir='ltr'>postibus</span> <span class='ocrx_word' id='word_1_78' title='bbox 844 2016 873 2062; x_wconf 91' lang='lat' dir='ltr'>et</span> <span class='ocrx_word' id='word_1_79' title='bbox 887 2025 960 2063; x_wconf 88' lang='lat' dir='ltr'>novo</span> 
     </span>
     <span class='ocr_line' id='line_1_19' title="bbox 455 2081 904 2140; baseline 0.004 -2"><span class='ocrx_word' id='word_1_80' title='bbox 455 2081 585 2138; x_wconf 85' lang='lat' dir='ltr'>Sublime</span> <span class='ocrx_word' id='word_1_81' title='bbox 599 2082 654 2137; x_wconf 92' lang='lat' dir='ltr'>ritu</span> <span class='ocrx_word' id='word_1_82' title='bbox 668 2083 767 2139; x_wconf 91' lang='lat' dir='ltr'>moliar</span> <span class='ocrx_word' id='word_1_83' title='bbox 782 2083 904 2140; x_wconf 67' lang='lat' dir='ltr'>atrium?</span> 
     </span>
     <span class='ocr_line' id='line_1_20' title="bbox 495 2158 937 2235; baseline 0.007 -20"><span class='ocrx_word' id='word_1_84' title='bbox 495 2158 555 2215; x_wconf 91' lang='lat' dir='ltr'>Cur</span> <span class='ocrx_word' id='word_1_85' title='bbox 569 2159 641 2215; x_wconf 87' lang='lat' dir='ltr'>valle</span> <span class='ocrx_word' id='word_1_86' title='bbox 655 2171 813 2235; x_wconf 90' lang='lat' dir='ltr'>permutem</span> <span class='ocrx_word' id='word_1_87' title='bbox 829 2161 937 2218; x_wconf 73' lang='lat' dir='ltr'>Sabine</span> 
     </span>
     <span class='ocr_line' id='line_1_21' title="bbox 533 2236 862 2313; baseline 0.006 -19"><span class='ocrx_word' id='word_1_88' title='bbox 533 2236 654 2295; x_wconf 89' lang='lat' dir='ltr'>Divitias</span> <span class='ocrx_word' id='word_1_89' title='bbox 667 2239 862 2313; x_wconf 74' lang='lat' dir='ltr'>operosioresi</span> 
     </span>
    </p>
   </div>
   <div class='ocr_carea' id='block_1_3' title="bbox 642 2468 941 2479">
    <p class='ocr_par' dir='ltr' id='par_1_3' title="bbox 642 2468 941 2479">
     <span class='ocr_line' id='line_1_22' title="bbox 642 2468 941 2479; baseline 0.003 -1"><span class='ocrx_word' id='word_1_90' title='bbox 642 2468 941 2479; x_wconf 70' lang='lat' dir='ltr'>——u-——n</span> 
     </span>
    </p>
   </div>
   <div class='ocr_carea' id='block_1_4' title="bbox 720 2656 867 2717">
    <p class='ocr_par' dir='ltr' id='par_1_4' title="bbox 720 2656 867 2717">
     <span class='ocr_line' id='line_1_23' title="bbox 720 2656 867 2717; baseline 0.007 -1"><span class='ocrx_word' id='word_1_91' title='bbox 720 2656 806 2716; x_wconf 86' lang='lat' dir='ltr'>ODE</span> <span class='ocrx_word' id='word_1_92' title='bbox 826 2658 867 2717; x_wconf 91' lang='grc' dir='ltr'>ΙΙ.</span> 
     </span>
    </p>
   </div>
   <div class='ocr_carea' id='block_1_5' title="bbox 453 2796 1084 4213">
    <p class='ocr_par' dir='ltr' id='par_1_5' title="bbox 453 2796 1084 4213">
     <span class='ocr_line' id='line_1_24' title="bbox 454 2796 1000 2876; baseline 0.002 -21"><span class='ocrx_word' id='word_1_93' title='bbox 454 2797 628 2856; x_wconf 64' lang='lat' dir='ltr'>Anausaro</span> <span class='ocrx_word' id='word_1_94' title='bbox 642 2796 735 2853; x_wconf 75' lang='lat' dir='ltr'>amice</span> <span class='ocrx_word' id='word_1_95' title='bbox 749 2799 914 2873; x_wconf 82' lang='lat' dir='ltr'>pauperiem</span> <span class='ocrx_word' id='word_1_96' title='bbox 928 2798 1000 2876; x_wconf 80' lang='lat' dir='ltr'>pati-</span> 
     </span>
     <span class='ocr_line' id='line_1_25' title="bbox 453 2875 875 2950; baseline -0.002 -17"><span class='ocrx_word' id='word_1_97' title='bbox 453 2875 603 2933; x_wconf 83' lang='lat' dir='ltr'>Rohustus</span> <span class='ocrx_word' id='word_1_98' title='bbox 617 2875 676 2931; x_wconf 89' lang='lat' dir='ltr'>acri</span> <span class='ocrx_word' id='word_1_99' title='bbox 689 2876 791 2931; x_wconf 72' lang='lat' dir='ltr'>militia</span> <span class='ocrx_word' id='word_1_100' title='bbox 805 2894 875 2950; x_wconf 92' lang='lat' dir='ltr'>puer</span> 
     </span>
     <span class='ocr_line' id='line_1_26' title="bbox 494 2953 1035 3021; baseline 0.002 -11"><span class='ocrx_word' id='word_1_101' title='bbox 494 2953 670 3021; x_wconf 89' lang='lat' dir='ltr'>Condiscat;</span> <span class='ocrx_word' id='word_1_102' title='bbox 692 2962 721 3008; x_wconf 92' lang='lat' dir='ltr'>et</span> <span class='ocrx_word' id='word_1_103' title='bbox 734 2953 854 3009; x_wconf 90' lang='lat' dir='ltr'>Parthos</span> <span class='ocrx_word' id='word_1_104' title='bbox 868 2953 978 3011; x_wconf 84' lang='lat' dir='ltr'>seroces</span> <span class='ocrx_word' id='word_1_105' title='bbox 1030 3015 1035 3019; x_wconf 61' lang='grc'>,</span> 
     </span>
     <span class='ocr_line' id='line_1_27' title="bbox 534 3032 1023 3105; baseline 0.002 -17"><span class='ocrx_word' id='word_1_106' title='bbox 534 3032 626 3088; x_wconf 85' lang='lat' dir='ltr'>Vexet</span> <span class='ocrx_word' id='word_1_107' title='bbox 639 3049 726 3105; x_wconf 88' lang='lat' dir='ltr'>eques</span> <span class='ocrx_word' id='word_1_108' title='bbox 739 3032 912 3098; x_wconf 83' lang='lat' dir='ltr'>metuendus</span> <span class='ocrx_word' id='word_1_109' title='bbox 926 3033 1023 3089; x_wconf 72' lang='lat' dir='ltr'>hasta:</span> 
     </span>
     <span class='ocr_line' id='line_1_28' title="bbox 454 3110 1007 3187; baseline -0.002 -18"><span class='ocrx_word' id='word_1_110' title='bbox 454 3111 607 3185; x_wconf 86' lang='lat' dir='ltr'>Vitamque</span> <span class='ocrx_word' id='word_1_111' title='bbox 621 3110 675 3165; x_wconf 89' lang='lat' dir='ltr'>suh</span> <span class='ocrx_word' id='word_1_112' title='bbox 689 3110 753 3166; x_wconf 92' lang='lat' dir='ltr'>divo</span> <span class='ocrx_word' id='word_1_113' title='bbox 767 3120 796 3166; x_wconf 92' lang='lat' dir='ltr'>et</span> <span class='ocrx_word' id='word_1_114' title='bbox 809 3111 927 3186; x_wconf 92' lang='lat' dir='ltr'>trepidis</span> <span class='ocrx_word' id='word_1_115' title='bbox 941 3121 1007 3187; x_wconf 85' lang='lat' dir='ltr'>agat</span> 
     </span>
     <span class='ocr_line' id='line_1_29' title="bbox 453 3187 1084 3249; baseline 0.003 -3"><span class='ocrx_word' id='word_1_116' title='bbox 453 3189 490 3246; x_wconf 91' lang='lat' dir='ltr'>In</span> <span class='ocrx_word' id='word_1_117' title='bbox 503 3190 597 3246; x_wconf 80' lang='lat' dir='ltr'>rebus,</span> <span class='ocrx_word' id='word_1_118' title='bbox 632 3187 718 3244; x_wconf 90' lang='lat' dir='ltr'>Illum</span> <span class='ocrx_word' id='word_1_119' title='bbox 732 3209 767 3245; x_wconf 84' lang='lat' dir='ltr'>ex</span> <span class='ocrx_word' id='word_1_120' title='bbox 782 3189 924 3245; x_wconf 87' lang='lat' dir='ltr'>moenibus</span> <span class='ocrx_word' id='word_1_121' title='bbox 938 3189 1056 3247; x_wconf 80' lang='lat' dir='ltr'>hosticis</span> <span class='ocrx_word' id='word_1_122' title='bbox 1080 3229 1084 3249; x_wconf 70' lang='grc'>«.</span> 
     </span>
     <span class='ocr_line' id='line_1_30' title="bbox 494 3267 898 3342; baseline 0.002 -18"><span class='ocrx_word' id='word_1_123' title='bbox 494 3267 628 3325; x_wconf 85' lang='lat' dir='ltr'>Matrona</span> <span class='ocrx_word' id='word_1_124' title='bbox 641 3267 772 3324; x_wconf 89' lang='lat' dir='ltr'>bellantis</span> <span class='ocrx_word' id='word_1_125' title='bbox 786 3269 898 3342; x_wconf 90' lang='lat' dir='ltr'>tyranni</span> 
     </span>
     <span class='ocr_line' id='line_1_31' title="bbox 534 3346 980 3423; baseline 0.009 -21"><span class='ocrx_word' id='word_1_126' title='bbox 534 3346 724 3423; x_wconf 88' lang='lat' dir='ltr'>Prospiciens‚</span> <span class='ocrx_word' id='word_1_127' title='bbox 739 3357 768 3404; x_wconf 91' lang='lat' dir='ltr'>et</span> <span class='ocrx_word' id='word_1_128' title='bbox 782 3347 879 3404; x_wconf 90' lang='lat' dir='ltr'>adulta</span> <span class='ocrx_word' id='word_1_129' title='bbox 892 3348 980 3423; x_wconf 87' lang='lat' dir='ltr'>virgo,</span> 
     </span>
     <span class='ocr_line' id='line_1_32' title="bbox 455 3425 1062 3503; baseline 0.002 -20"><span class='ocrx_word' id='word_1_130' title='bbox 455 3426 600 3502; x_wconf 85' lang='lat' dir='ltr'>Suspiret:</span> <span class='ocrx_word' id='word_1_131' title='bbox 623 3430 640 3455; x_wconf 89' lang='lat'><strong>“</strong></span> <span class='ocrx_word' id='word_1_132' title='bbox 648 3425 748 3482; x_wconf 90' lang='lat' dir='ltr'>Eheu!</span> <span class='ocrx_word' id='word_1_133' title='bbox 770 3444 807 3482; x_wconf 91' lang='lat' dir='ltr'>ne</span> <span class='ocrx_word' id='word_1_134' title='bbox 821 3426 900 3482; x_wconf 89' lang='lat' dir='ltr'>rudis</span> <span class='ocrx_word' id='word_1_135' title='bbox 914 3428 1062 3503; x_wconf 87' lang='lat' dir='ltr'>agminum</span> 
     </span>
     <span class='ocr_line' id='line_1_33' title="bbox 455 3505 974 3582; baseline 0 -19"><span class='ocrx_word' id='word_1_136' title='bbox 455 3506 584 3582; x_wconf 82' lang='lat' dir='ltr'>Sponsus</span> <span class='ocrx_word' id='word_1_137' title='bbox 598 3505 721 3563; x_wconf 89' lang='lat' dir='ltr'>lacessat</span> <span class='ocrx_word' id='word_1_138' title='bbox 734 3506 829 3581; x_wconf 85' lang='lat' dir='ltr'>regius</span> <span class='ocrx_word' id='word_1_139' title='bbox 843 3525 974 3582; x_wconf 91' lang='lat' dir='ltr'>asperum</span> 
     </span>
     <span class='ocr_line' id='line_1_34' title="bbox 494 3585 961 3661; baseline 0.002 -18"><span class='ocrx_word' id='word_1_140' title='bbox 494 3585 592 3643; x_wconf 88' lang='lat' dir='ltr'>Tactu</span> <span class='ocrx_word' id='word_1_141' title='bbox 605 3586 728 3658; x_wconf 90' lang='lat' dir='ltr'>leonem,</span> <span class='ocrx_word' id='word_1_142' title='bbox 742 3605 827 3661; x_wconf 93' lang='lat' dir='ltr'>quem</span> <span class='ocrx_word' id='word_1_143' title='bbox 842 3597 961 3644; x_wconf 91' lang='lat' dir='ltr'>cruenta</span> 
     </span>
     <span class='ocr_line' id='line_1_35' title="bbox 533 3665 989 3741; baseline 0.002 -19"><span class='ocrx_word' id='word_1_144' title='bbox 533 3665 589 3722; x_wconf 90' lang='lat' dir='ltr'>Per</span> <span class='ocrx_word' id='word_1_145' title='bbox 602 3667 711 3722; x_wconf 88' lang='lat' dir='ltr'>medias</span> <span class='ocrx_word' id='word_1_146' title='bbox 725 3665 798 3741; x_wconf 86' lang='lat' dir='ltr'>rapit</span> <span class='ocrx_word' id='word_1_147' title='bbox 811 3666 853 3723; x_wconf 91' lang='lat' dir='ltr'>ira</span> <span class='ocrx_word' id='word_1_148' title='bbox 867 3666 989 3723; x_wconf 89' lang='lat' dir='ltr'>caedes.&#39;&#39;</span> 
     </span>
     <span class='ocr_line' id='line_1_36' title="bbox 454 3742 1069 3820; baseline 0.002 -21"><span class='ocrx_word' id='word_1_149' title='bbox 454 3742 548 3800; x_wconf 84' lang='lat' dir='ltr'>Dulce</span> <span class='ocrx_word' id='word_1_150' title='bbox 562 3754 591 3800; x_wconf 91' lang='lat' dir='ltr'>et</span> <span class='ocrx_word' id='word_1_151' title='bbox 605 3746 741 3801; x_wconf 90' lang='lat' dir='ltr'>decorum</span> <span class='ocrx_word' id='word_1_152' title='bbox 755 3755 799 3801; x_wconf 88' lang='lat' dir='ltr'>est</span> <span class='ocrx_word' id='word_1_153' title='bbox 812 3764 862 3818; x_wconf 94' lang='lat' dir='ltr'>pro</span> <span class='ocrx_word' id='word_1_154' title='bbox 875 3745 967 3820; x_wconf 74' lang='lat' dir='ltr'>patriai</span> <span class='ocrx_word' id='word_1_155' title='bbox 980 3743 1069 3802; x_wconf 90' lang='lat' dir='ltr'>mori:</span> 
     </span>
     <span class='ocr_line' id='line_1_37' title="bbox 455 3821 1031 3900; baseline -0.003 -20"><span class='ocrx_word' id='word_1_156' title='bbox 455 3821 535 3880; x_wconf 90' lang='lat' dir='ltr'>Mors</span> <span class='ocrx_word' id='word_1_157' title='bbox 549 3831 578 3878; x_wconf 91' lang='lat' dir='ltr'>et</span> <span class='ocrx_word' id='word_1_158' title='bbox 592 3821 724 3897; x_wconf 84' lang='lat' dir='ltr'>fugacem</span> <span class='ocrx_word' id='word_1_159' title='bbox 738 3823 916 3900; x_wconf 89' lang='lat' dir='ltr'>persequitur</span> <span class='ocrx_word' id='word_1_160' title='bbox 930 3823 1031 3895; x_wconf 86' lang='lat' dir='ltr'>virum,</span> 
     </span>
     <span class='ocr_line' id='line_1_38' title="bbox 494 3898 936 3975; baseline 0.005 -18"><span class='ocrx_word' id='word_1_161' title='bbox 494 3898 559 3957; x_wconf 92' lang='lat' dir='ltr'>Nec</span> <span class='ocrx_word' id='word_1_162' title='bbox 573 3901 664 3975; x_wconf 92' lang='lat' dir='ltr'>parcit</span> <span class='ocrx_word' id='word_1_163' title='bbox 678 3900 800 3956; x_wconf 87' lang='lat' dir='ltr'>imbellis</span> <span class='ocrx_word' id='word_1_164' title='bbox 811 3901 936 3975; x_wconf 83' lang='lat' dir='ltr'>juventae</span> 
     </span>
     <span class='ocr_line' id='line_1_39' title="bbox 534 3979 940 4055; baseline 0.002 -18"><span class='ocrx_word' id='word_1_165' title='bbox 534 3979 693 4055; x_wconf 90' lang='lat' dir='ltr'>Poplitibus</span> <span class='ocrx_word' id='word_1_166' title='bbox 704 3979 837 4035; x_wconf 73' lang='lat' dir='ltr'>timidone</span> <span class='ocrx_word' id='word_1_167' title='bbox 852 3990 940 4055; x_wconf 83' lang='lat' dir='ltr'>tergo.</span> 
     </span>
     <span class='ocr_line' id='line_1_40' title="bbox 454 4058 953 4134; baseline -0.004 -17"><span class='ocrx_word' id='word_1_168' title='bbox 454 4058 563 4130; x_wconf 87' lang='lat' dir='ltr'>Virtus,</span> <span class='ocrx_word' id='word_1_169' title='bbox 577 4059 696 4134; x_wconf 75' lang='lat' dir='ltr'>repulse</span> <span class='ocrx_word' id='word_1_170' title='bbox 710 4059 809 4114; x_wconf 88' lang='lat' dir='ltr'>nescia</span> <span class='ocrx_word' id='word_1_171' title='bbox 823 4060 953 4132; x_wconf 75' lang='lat' dir='ltr'>sordidae,</span> 
     </span>
     <span class='ocr_line' id='line_1_41' title="bbox 455 4136 924 4213; baseline 0 -19"><span class='ocrx_word' id='word_1_172' title='bbox 455 4136 636 4195; x_wconf 90' lang='lat' dir='ltr'>Intaminatis</span> <span class='ocrx_word' id='word_1_173' title='bbox 651 4137 740 4213; x_wconf 85' lang='lat' dir='ltr'>fulget</span> <span class='ocrx_word' id='word_1_174' title='bbox 754 4139 924 4195; x_wconf 90' lang='lat' dir='ltr'>honoribus:</span> 
     </span>
    </p>
   </div>
   <div class='ocr_carea' id='block_1_6' title="bbox 0 0 1546 4900">
    <p class='ocr_par' dir='ltr' id='par_1_6' title="bbox 0 0 1546 4900">
     <span class='ocr_line' id='line_1_42' title="bbox 0 0 1546 4900; baseline 0 0"><span class='ocrx_word' id='word_1_175' title='bbox 0 0 1546 4900; x_wconf 95' lang='lat' dir='ltr'> </span> 
     </span>
    </p>
   </div>
  </div>
 </body>
</html>
