3084 4900
519 612 765 663 EPISTULARUM
782 613 848 662 LlB.
865 614 900 662 11.
918 617 942 663 2.

306 756 367 818 Des
380 777 521 829 nummos,
535 768 654 833 excepta
667 756 738 814 nihil
752 766 780 814 te
794 757 818 813 si
833 757 900 833 suga
912 758 1024 817 laedat”

305 837 359 895 Ille
373 838 444 895 serat
456 837 588 912 pretium,
603 855 694 911 poenae
709 855 836 908 securus,
849 838 957 912 opinor.

211 939 215 946 ·
307 917 438 974 Prudens
452 916 545 971 emisti
559 916 691 972 vitiosum
699 934 706 983 ;
728 915 805 972 dicta
819 916 870 973 tibi
883 926 926 973 est
939 916 1002 973 lex:

306 994 469 1070 Insequeris
483 1005 578 1050 tamen
594 995 680 1065 hunc,
695 1007 724 1050 et
737 994 786 1051 lite
800 996 919 1051 moraris
932 994 1039 1070 iniqua.

346 1073 414 1130 Dixi
428 1092 474 1129 me
487 1073 599 1148 pigrum
613 1072 804 1148 proficiscenti
819 1074 880 1145 tibi,
894 1074 953 1130 dixi

307 1151 430 1209 Talibus
443 1151 543 1209 officiis
556 1148 644 1227 prope
659 1170 794 1207 mancum
807 1171 813 1221 ;
835 1171 872 1209 ne
887 1172 949 1209 mea
963 1171 1054 1210 saevus

301 1231 442 1307 ¹Jurgares
456 1230 492 1287 ad
505 1240 533 1287 te
547 1229 624 1304 qudd
638 1230 756 1305 epistola
770 1231 849 1287 nulla
863 1232 978 1289 veniret.

305 1310 388 1370 Quid
402 1319 461 1366 tum
474 1309 591 1384 profeci,
605 1327 718 1365 mecum
733 1309 867 1366 facientia
876 1310 941 1385 jura

308 1389 340 1445 Si
354 1398 449 1445 tamen
463 1389 604 1445 attentasl
642 1387 783 1447 Quereris
797 1408 881 1463 super
896 1390 950 1446 hoc
963 1389 1060 1463 etiam,
1073 1387 1151 1467 qubd

307 1467 479 1542 Exspectata
487 1467 539 1524 tibi
546 1485 604 1523 non
614 1466 723 1523 mittam
737 1468 866 1524 carmina
879 1470 1012 1526 mendax.

347 1545 460 1603 Luculli
473 1547 555 1603 miles
569 1545 688 1603 collecta
702 1546 804 1603 viatica
818 1547 913 1603 multis

308 1624 466 1696 AErumnis,
476 1624 567 1681 lassus
581 1625 649 1681 dum
664 1635 751 1681 noctu
765 1625 865 1697 stertit,
880 1627 916 1682 ad
930 1645 1022 1683 assem

307 1704 491 1761 Perdiderat:
511 1704 642 1780 posthoc
656 1704 810 1759 vehemens
823 1702 917 1779 lupus,
931 1715 960 1762 et
974 1705 1028 1762 sibi
1042 1715 1071 1762 et
1084 1705 1158 1763 hosti

307 1782 402 1841 Iratus
414 1782 528 1858 pariter,
539 1782 643 1858 jejunis
657 1782 790 1838 dentibus
804 1801 879 1855 acer,

307 1861 476 1919 Praesidium
490 1862 584 1937 regale
597 1861 661 1918 loco
674 1860 789 1935 dejecit,
805 1870 836 1917 ut
849 1862 939 1935 aiunt,

308 1937 427 2001 Summe
442 1942 560 2013 munito,
574 1951 603 1997 et
617 1940 768 1996 multarum
783 1940 869 1997 divite
882 1960 986 1998 rerum.

308 2019 410 2077 Clarus
423 2020 460 2077 ob
474 2020 503 2076 id
518 2019 634 2091 factum,
649 2019 731 2076 donis
744 2029 860 2076 ornatur
875 2021 1018 2090 honestis3

309 2099 426 2194 Accipit
439 2108 468 2155 et
481 2098 524 2154 bis
538 2099 612 2155 dena
626 2117 710 2174 super
725 2098 853 2155 sestertia
866 2100 1025 2156 nummdm.

307 2177 395 2235 Forte
410 2179 462 2234 sub
476 2178 530 2234 hoc
544 2189 655 2253 tempus
669 2177 817 2234 castellum
831 2190 956 2235 evertere
969 2188 1071 2254 prator

309 2256 417 2314 Nescio
429 2257 504 2332 quod
520 2257 648 2332 cupiens,
664 2256 768 2313 hortari
783 2257 868 2332 coepit
882 2259 1006 2314 eundem

307 2335 411 2393 Verbis
424 2354 486 2411 quae
499 2336 599 2393 timido
608 2353 718 2410 quoque
731 2345 847 2411 possent
860 2336 965 2393 addere
979 2345 1122 2394 mentem:

308 2420 327 2445 “
339 2414 364 2488 I,
379 2415 462 2488 bone,
476 2412 533 2491 qud
548 2415 634 2472 virtus
647 2425 696 2472 tua
709 2425 738 2471 te
752 2425 850 2484 vocat;
871 2415 881 2472 i
894 2416 967 2490 pede
981 2416 1083 2490 fausto,

307 2495 435 2552 Grandia
448 2496 556 2551 laturus
569 2494 733 2551 meritorum
745 2495 878 2569 praemia:
900 2496 965 2569 quid
981 2507 1038 2553 stas
1047 2497 1078 2552 t”

307 2574 375 2631 Post
389 2575 450 2630 haec
463 2573 510 2630 ille
524 2584 614 2645 catus,
628 2573 808 2648 quantumvis
820 2573 952 2645 rusticus,
961 2578 979 2604 “
994 2573 1061 2648 Ibit,

307 2652 367 2710 Ibit
380 2650 415 2710 eb
429 2649 486 2728 qud
500 2653 551 2724 vis,
565 2652 613 2726 qui
628 2671 731 2708 zonam
744 2652 895 2727 perdidit,’'
911 2652 1010 2727 inquit.

347 2732 450 2789 Roma
464 2731 564 2788 nutriri
575 2731 645 2786 mihi
659 2731 788 2805 contigit,
803 2740 886 2805 atque
901 2731 997 2788 doceri

308 2809 402 2868 lratus
416 2809 510 2868 Graiis
523 2806 661 2884 quantum
676 2810 820 2866 nocuisset
833 2809 962 2866 Achilles
975 2829 981 2867 :

308 2888 452 2965 Adjecbre
466 2890 547 2946 bonae
560 2887 646 2965 paulb
660 2889 723 2964 plus
737 2889 804 2945 artis
818 2889 958 2958 Athenae3

309 2969 426 3026 Scilicet
440 2979 471 3024 ut
483 2987 594 3044 possem
609 2986 695 3024 curvo
708 2968 876 3042 dignoscere
890 2978 1010 3043 rectum,

307 3049 404 3123 Atque
418 3047 492 3104 inter
506 3047 590 3103 silvas
604 3047 745 3103 Academi
759 3065 884 3121 quaerere
896 3065 1002 3105 verum.

308 3126 388 3183 Dura
402 3127 452 3183 sed
466 3124 596 3183 emovere
611 3127 674 3182 loco
687 3144 733 3181 me
747 3136 875 3200 tempora
888 3137 984 3201 grat03

307 3205 462 3280 Civilisque
476 3206 575 3260 rudem
589 3205 655 3260 belli
669 3205 733 3262 tulit
748 3216 832 3261 aestus
846 3204 876 3260 in
891 3224 979 3277 arma,

307 3283 429 3341 Caesaris
444 3283 567 3358 Augusti
582 3303 639 3340 non
653 3303 822 3358 responsura
835 3284 957 3340 lacertis.

308 3363 392 3420 Unde
406 3363 489 3419 simul
503 3359 627 3437 primiim
641 3381 686 3418 me
701 3361 835 3418 dimisere
850 3363 982 3438 Philippi,

308 3442 421 3499 Decisis
436 3440 571 3498 humilem
586 3441 697 3516 penniS,
713 3441 882 3514 inopemque
895 3440 1007 3516 paterni

307 3521 345 3577 Et
359 3522 426 3578 laris
439 3531 469 3577 et
484 3519 573 3591 fundi,
588 3530 737 3594 paupertas
751 3518 863 3592 impulit
877 3520 971 3574 audax

307 3599 345 3656 Ut
360 3618 456 3656 versus
470 3599 613 3655 facerem:
635 3597 685 3653 sed
698 3597 774 3671 quod
785 3614 843 3651 non
857 3596 930 3654 desit
944 3596 1097 3654 habentem

305 3678 383 3738 Quae
396 3688 529 3754 poterunt
542 3694 667 3751 unquam
682 3672 750 3745 satis
763 3691 921 3749 expurgare
935 3675 1049 3746 cicuta,

305 3755 336 3813 N
338 3757 346 3813 i
362 3755 464 3813 melitis
478 3756 600 3814 dormire
613 3765 710 3830 putem
723 3751 810 3829 quem
824 3754 947 3810 scribere
962 3755 1078 3811 versusl

345 3836 467 3911 Singula
480 3837 516 3891 de
530 3834 611 3891 nobis
625 3833 693 3890 anni
706 3833 868 3909 praedantur
882 3842 1002 3903 euntes3

306 3913 446 3991 Eripudre
458 3915 547 3990 jocos,
562 3920 704 3985 venerem,
720 3912 857 3983 convivia,
871 3911 988 3981 ludum;

306 3993 446 4050 Tendunt
459 4004 624 4067 extorquere
638 3996 788 4067 poemata:
809 3991 877 4064 quid
892 3991 993 4047 faciam
1007 3989 1069 4047 vis‘l

291 4072 438 4148 ·Denique
453 4091 510 4129 non
524 4090 623 4128 omnes
637 4072 737 4127 eadem
751 4070 890 4126 mirantur
904 4078 1073 4145 amantque:

306 4151 444 4210 Carmine
458 4162 489 4209 tu
503 4150 611 4228 gaudes
619 4169 626 4220 ;
650 4150 695 4205 hic
711 4150 867 4206 delectatur
880 4147 981 4206 iambis
989 4167 998 4220 ς
