3084 4900
522 598 721 649 CARMINUM
739 600 806 648 LIII.
823 600 872 651 1v.

356 741 438 800 Coelo
451 740 538 799 Musa
550 742 625 833 beat,
637 743 802 879 ,ijcffvis
815 743 933 804 interest

356 820 469 897 Optatis
482 821 574 900 epulis
588 825 708 898 impiger
754 824 879 882 ercules:

356 900 474 958 Clarum
487 899 661 974 Tyndaridae
673 902 752 967 sidus
765 902 802 959 ab
815 902 921 961 infimis

355 978 486 1040 Quassas
498 979 622 1055 eripiunt
636 981 795 1054 aequoribus
808 992 900 1040 rates:

356 1056 484 1116 Ornatus
496 1058 579 1115 viridi
592 1069 719 1135 tempora
732 1060 869 1136 pampino

356 1135 443 1194 Liber
456 1147 520 1195 vota
533 1138 623 1195 bonos
636 1138 716 1196 ducit
729 1140 766 1196 ad
780 1139 882 1198 exitus.
901 1146 922 1259 ό
938 1175 954 1230 ,a

602 1449 687 1509 ODE
706 1452 792 1511 VIII.

598 1588 639 1627 AD
652 1589 792 1629 Loncium·

355 1690 405 1749 Nn
420 1687 492 1749 forte
505 1689 606 1748 credas
619 1689 767 1747 interitura
780 1710 853 1765 quae,
906 1735 908 1738 .

356 1766 457 1847 Longe
472 1779 621 1827 sonantem
634 1779 718 1825 natus
731 1770 767 1826 ad
782 1770 932 1844 Aufidum,

394 1848 425 1907 N
426 1868 465 1907 ou
479 1846 545 1906 ante
559 1848 688 1924 vulgatas
701 1867 751 1923 per
766 1859 840 1906 artes

434 1927 531 1986 Verba
543 1926 641 2003 loquor
655 1926 791 1984 socianda
804 1928 926 1987 chordis

355 2006 435 2080 Nou,
450 2006 474 2064 si
488 2005 594 2083 priores
607 2005 751 2063 Maeonius
763 2017 843 2064 tenet

355 2088 447 2145 Sedes
459 2085 613 2157 Homerus,
628 2085 788 2143 Pindaricae
801 2085 900 2161 latent,

395 2167 528 2240 Ceaeque,
543 2176 572 2222 et
584 2164 678 2222 Alcaei
688 2165 826 2239 minaces,

433 2243 645 2319 Stesichorique
658 2263 758 2320 graves
772 2245 934 2304 Camoenae:

354 2323 429 2397 Nec,
443 2324 468 2381 si
481 2322 550 2399 quid
563 2323 630 2381 olim
643 2324 711 2383 lusit
723 2326 891 2400 Anacreon,

354 2402 467 2462 Delevit
481 2413 564 2461 etas:
585 2403 672 2480 spirat
685 2404 780 2462 adhuc
794 2424 882 2479 amor,

393 2483 558 2558 Viruntque
571 2483 715 2540 commissi
729 2484 837 2541 calores

434 2561 537 2620 AEoliae
551 2562 655 2620 fidibus
668 2562 779 2638 puellae.

354 2640 422 2700 Non
435 2641 495 2699 sola
508 2652 635 2718 comptos
649 2641 717 2697 arsit
730 2641 851 2698 adulteri

354 2720 467 2793 Crines,
481 2732 510 2778 et
523 2739 624 2779 aurum
640 2719 765 2777 vestibus
779 2719 881 2778 illitum

393 2798 508 2873 Mirata‚
522 2799 687 2876 regalesque
701 2798 805 2872 cultus,

431 2878 470 2936 Et
483 2880 611 2952 comites,
626 2878 739 2935 Helene
753 2879 891 2937 Lacaena:

353 2958 499 3017 Primusve
513 2957 630 3015 Teucer
643 2957 700 3016 tela
714 2957 845 3033 Cydonio

354 3036 466 3096 Direxit
479 3057 564 3094 arcu:
585 3057 643 3094 uon
657 3038 745 3094 semel
759 3037 828 3096 Ilios

391 3117 522 3176 Vexata:
543 3137 602 3174 non
615 3117 752 3192 pugnavit
764 3117 868 3194 ingens

432 3195 605 3254 Idomeneus
620 3195 807 3254 Sthenelusve
821 3197 896 3256 solus

352 3274 486 3334 Dicenda
499 3274 593 3332 Musis
605 3275 717 3351 proelia:
739 3295 798 3333 non
812 3276 891 3334 ferox

353 3355 473 3428 Hector,
487 3354 531 3411 vel
546 3374 611 3412 acer
626 3353 794 3430 Delphobus
808 3374 908 3432 graves

393 3433 515 3509 Excepit
528 3433 602 3490 ictus
616 3453 666 3508 pro
686 3435 798 3509 pudicis

431 3511 609 3587 Conjugibus
622 3515 772 3588 puerisque
786 3513 903 3588 primus.

352 3588 460 3648 Vixire
474 3591 559 3648 fortes
573 3604 638 3648 ante
652 3591 872 3667 Agamemnona

353 3669 456 3728 Multi:
478 3670 528 3727 sed
541 3690 641 3728 omnes
654 3669 873 3744 illacrymabiles

392 3750 546 3825 Urgentur,
560 3750 716 3826 ignotique,
730 3747 817 3824 longi

431 3827 536 3902 Nocte,
551 3839 650 3885 carent
662 3829 729 3903 quia
743 3839 806 3886 vate
820 3847 908 3886 sacro.

353 3905 476 3966 Paulum
490 3908 607 3984 sepultae
622 3907 707 3965 distat
720 3907 831 3966 inertie

351 3987 453 4044 Celata
465 3987 561 4045 virtus.
596 3985 665 4044 Non
680 4005 733 4062 ego
746 3997 775 4044 te
789 3987 861 4044 meis

391 4066 507 4124 Chartis
520 4066 684 4124 inornatum
699 4065 799 4138 silebo,

430 4144 524 4204 Totvc
538 4156 603 4203 tuos
615 4144 706 4220 patiar
719 4143 831 4202 labores
