3084 4900
569 590 816 640 EPISTOLARUM
833 592 898 640 LlB.
916 592 952 641 11.
970 596 993 642 1.

365 732 408 805 Si,
422 731 490 808 quia
502 732 667 790 Graecorum
681 744 748 791 sunt
761 734 956 808 antiquissima
969 754 1088 812 quaeque

326 810 439 886 Scripta
451 812 496 869 vel
510 811 626 887 optima,
640 812 766 869 Romani
780 824 934 888 pensantur
948 814 1049 871 eadem

326 889 484 964 Scriptores
497 890 613 963 trutina,
627 910 685 948 non
699 902 742 948 est
755 889 831 965 quod
846 892 934 948 multa
948 892 1108 967 loquamur:

325 968 376 1024 Nil
391 968 465 1025 intra
478 979 521 1026 est
534 969 636 1040 oleam,
650 970 690 1026 nil
705 980 784 1026 extra
796 980 839 1026 est
852 970 882 1026 in
896 989 982 1041 nuce,
996 971 1068 1028 duri.

326 1047 466 1104 Venimus
480 1047 515 1104 ad
529 1066 672 1103 summum
687 1047 822 1105 fortunae:
842 1048 986 1123 pingimus
1000 1060 1083 1124 atque

327 1125 477 1182 Psallimus
490 1136 519 1182 et
532 1126 671 1183 luctamur
687 1126 806 1182 Achivis
820 1125 933 1185 doctius
946 1127 1049 1185 unctis.

327 1204 360 1261 Si
373 1203 490 1260 meliora
503 1204 574 1275 dies,
589 1216 621 1261 ut
632 1203 708 1276 vina,
721 1208 854 1279 poemata
865 1205 967 1277 reddit,

328 1282 408 1339 Scire
424 1282 506 1338 velim
519 1282 642 1357 pretium
655 1283 760 1340 chartis
774 1294 876 1357 quotus
889 1293 1001 1359 arroget
1013 1303 1113 1341 annus.

328 1361 453 1435 Scriptor
467 1360 571 1418 abhinc
585 1380 674 1418 annos
688 1373 804 1419 centum
818 1361 865 1436 qui
879 1362 995 1429 decidit.
1010 1362 1084 1420 iuter

327 1439 471 1497 Perfectus
485 1450 647 1515 veteresque
661 1440 758 1497 referri
773 1440 867 1511 debet,
881 1460 918 1516 an
932 1440 1006 1498 inter

326 1518 406 1575 Viles
420 1529 502 1593 atque
515 1520 622 1576 novosl
642 1519 879 1593 excludat-jurgia
892 1519 1006 1576 linis.-

326 1596 379 1653 Est
391 1608 472 1654 vetus
486 1606 569 1671 atque
582 1597 696 1672 probus,
710 1607 826 1654 centum
840 1597 887 1671 qui
901 1596 1011 1672 perlicit
1024 1617 1163 1656 annos.-

325 1674 418 1749 Quid,
432 1675 480 1750 qui
493 1675 613 1750 deperiit
627 1675 718 1731 minor
731 1694 790 1732 uno
804 1694 911 1746 meuse,
925 1676 968 1732 vel
983 1695 1068 1748 annu,

326 1752 405 1811 Inter
419 1773 490 1828 quos
504 1753 668 1810 referendus
682 1754 756 1810 eritl
777 1765 923 1809 veteresne
937 1757 1045 1827 poetas,

326 1834 375 1890 An
389 1852 458 1907 quos
472 1844 500 1889 et
513 1851 637 1907 praesens
652 1843 680 1889 et
693 1842 804 1907 postera
818 1841 931 1906 respuet
944 1834 1071 1888 aetasl-

326 1910 384 1967 Iste
398 1910 512 1987 quidem
527 1921 635 1967 veteres
648 1910 721 1967 inter
734 1921 854 1985 ponetur
869 1908 999 1980 honeste,

325 1989 389 2051 Qui
401 1989 445 2046 vel
461 2008 559 2045 mense
573 1990 649 2045 brevi
663 1989 706 2045 vel
721 2000 779 2047 toto
792 2000 835 2045 est
842 1988 937 2064 junior
952 2007 1077 2047 anno.-

326 2068 396 2126 Utor
409 2067 555 2143 permisso,
570 2069 724 2143 caudaeque
738 2068 809 2143 pilos
823 2081 854 2124 ut
867 2067 979 2141 equinae

326 2145 466 2204 Paulatim
480 2147 561 2218 vello,
576 2157 604 2203 et
617 2148 701 2203 demo
714 2165 813 2218 unum,
828 2147 911 2203 demo
925 2146 1010 2203 etiarn
1024 2165 1128 2217 unum;

327 2224 404 2281 Dum
419 2226 511 2297 cadat,
526 2227 621 2282 elusus
635 2226 742 2283 ratione
756 2226 865 2281 ruentis
878 2225 982 2296 acervi,

326 2302 389 2365 Qui
403 2304 476 2362 redit
489 2304 525 2361 ad
539 2305 635 2376 fastos,
649 2317 678 2362 et
691 2303 822 2360 virtutem
838 2305 957 2361 aestimat
970 2304 1063 2377 aunis,

327 2380 503 2458 Miraturque
516 2383 587 2440 nihil
602 2384 657 2439 nisi
664 2384 746 2458 ‘quod
760 2383 886 2440 Libitina
900 2384 1027 2440 sacravit.

365 2461 488 2533 Ennius,
502 2474 531 2519 et
544 2462 656 2537 sapiens
670 2473 698 2519 et
712 2463 800 2533 fortis,
814 2474 843 2519 et
856 2462 925 2519 alter
941 2463 1094 2535 Homerus,

327 2539 366 2597 Ut
380 2541 472 2598 critici
485 2541 595 2612 dicunt,
609 2540 707 2598 leviter
721 2559 821 2596 curare
835 2540 946 2596 videtur

326 2616 396 2679 Quo
410 2619 547 2695 promissa
560 2620 665 2675 cadant
678 2629 707 2674 et
720 2618 831 2674 somnia
844 2619 1029 2694 Pythagorea.

267 2702 271 2709 '
327 2698 444 2755 Naevius
455 2697 483 2755 iu
499 2697 630 2753 manibus
643 2715 700 2753 non
715 2706 766 2767 est,
781 2709 809 2752 et
823 2697 965 2753 mentibus
980 2698 1067 2754 haeret

326 2774 406 2833 Pena
420 2795 531 2846 recens,
546 2772 617 2832 adeo
632 2786 762 2831 sanctum
777 2786 820 2832 est
833 2786 913 2831 vetus
925 2794 1009 2832 omne
1023 2778 1134 2851 poema

326 2854 491 2929 Ambigitur
505 2853 614 2928 quoties
627 2864 689 2910 uter
704 2865 766 2911 utro
781 2854 817 2911 sit
829 2853 914 2929 prior,
930 2854 1021 2912 ausert

326 2933 468 2990 Pacuvius
482 2932 558 2990 docti
573 2933 676 2989 famam
691 2933 777 3003 senis,
792 2933 895 2989 Actius
909 2932 973 3002 alti;

327 3011 440 3069 Dicitur
454 3010 636 3086 Afranitoga
650 3012 816 3068 convenisse
830 3010 991 3068 Menandro
999 3031 1007 3081 ;

327 3090 444 3148 Plautus
457 3092 493 3147 ad
506 3091 648 3166 exemplar
663 3090 752 3147 Siculi
765 3110 914 3166 properare
928 3088 1107 3165 Epicharmi3

327 3169 452 3226 Vincere
466 3169 600 3226 Caecilius
613 3169 760 3244 gravitate,
774 3168 930 3225 Terentius
944 3180 1012 3226 arte.

328 3248 390 3307 Hos
404 3248 514 3320 ediscit,
529 3260 557 3304 et
571 3248 623 3305 hos
636 3259 714 3305 arcto
728 3248 830 3322 stipata
844 3249 953 3305 theatro

328 3327 445 3402 Spectat
458 3327 553 3385 Roma
565 3337 681 3401 potens;
703 3327 789 3382 habet
802 3327 853 3383 hos
867 3337 1052 3401 numeratque
1065 3328 1166 3401 politas

327 3406 376 3462 Ad
389 3416 518 3463 nostrum
532 3419 643 3480 tempus
658 3403 721 3460 Livi
736 3404 880 3479 scriptoris
894 3405 930 3460 ab
944 3423 1010 3462 aevo.

327 3483 476 3541 Interdum
491 3483 591 3559 vulgus
605 3496 715 3539 rectum
730 3482 822 3550 videt;
844 3493 887 3540 est
900 3483 949 3539 ubi
962 3492 1070 3558 peccat.

328 3563 360 3620 Si
374 3574 482 3620 veteres
496 3563 536 3620 ita
549 3561 666 3618 miratur
680 3561 831 3633 laudatque
845 3565 954 3635 poetas,

326 3641 366 3698 Ut
378 3642 449 3698 nihil
461 3640 608 3713 anteferat,
623 3639 694 3696 nihil
709 3638 763 3695 illis
778 3649 931 3712 comparet,
944 3647 1037 3695 errat:

328 3721 360 3777 Si
374 3721 503 3794 quaedam
517 3718 602 3776 nimis
616 3715 741 3793 antique,
756 3717 780 3772 si
795 3717 927 3792 pleraque
941 3713 1013 3772 dure

327 3799 431 3856 Dicere
445 3798 522 3856 cedit
534 3817 592 3869 eoa,
605 3795 707 3873 ignave
721 3796 810 3852 multa
825 3795 936 3868 latetur,

327 3877 365 3934 Et
378 3877 460 3952 sapit,
474 3887 503 3934 et
516 3895 630 3933 mecum
644 3876 721 3947 facit,
735 3885 764 3933 et
777 3873 848 3931 Jove
859 3874 969 3950 judicat
982 3892 1071 3948 oequo.

326 3955 395 4014 Non
409 3956 540 4031 equidem
554 3955 688 4026 insector,
702 3954 858 4010 delendave
873 3953 1001 4010 carmina
1014 3951 1077 4030 Livi

327 4034 399 4092 Esse
413 4054 486 4108 reor,
500 4034 619 4090 memini
632 4052 694 4109 quae
707 4033 854 4108 plagosum
869 4032 939 4088 mihi
953 4050 1039 4107 parvo

326 4114 469 4172 Orbilium
483 4113 610 4184 dictarc3
633 4113 682 4171 sed
696 4112 847 4169 emendata
860 4110 967 4183 videri,‘

1233 895 1272 952 30
