3084 4900
557 634 806 684 EPISTOLARUM
823 633 889 683 LlB.
907 635 928 683 1.
945 636 969 683 θ.
1199 636 1253 695 151

619 856 823 915 anisnoun
843 855 898 916 vr.
984 939 988 947 .

644 996 684 1033 ΑΙ)
705 996 871 1035 Nursscmnr.

309 1097 369 1158 Nm
383 1096 516 1155 admirari
530 1092 619 1171 prope
633 1114 679 1153 res
693 1105 736 1152 est
749 1114 818 1167 una,
833 1094 962 1168 Numici,

310 1178 442 1254 Solaque,
456 1194 520 1252 qum
533 1174 622 1251 possit
636 1174 731 1232 facere
745 1184 775 1233 et
788 1193 901 1232 servare
917 1176 1041 1233 beatum.

310 1258 400 1315 Hunc
410 1256 497 1312 solem
511 1266 540 1311 et
553 1254 646 1311 stellas
660 1265 688 1311 et
702 1253 873 1311 decedentia
886 1254 972 1311 certis

310 1336 455 1411 Tempora
468 1334 619 1391 momentis
634 1344 700 1390 suut
713 1333 761 1408 qui
776 1333 928 1390 formidine
942 1332 1022 1390 nulli

310 1414 418 1473 Imbuti
433 1423 578 1488 spectent:
600 1412 668 1487 quid
679 1431 781 1469 censes
795 1432 914 1469 munera
927 1414 1030 1470 terrael
1233 1415 1254 1473 ὅ

308 1494 390 1557 Quid
404 1492 489 1550 maris
503 1503 643 1549 extremos
657 1491 767 1548 Arabas
782 1492 898 1549 ditantis
912 1503 941 1550 et
954 1491 1064 1549 Indosl

310 1573 435 1630 Ludicra
447 1570 526 1645 quid,
540 1571 666 1647 plausus,
680 1581 709 1627 et
724 1571 809 1627 amici
824 1571 899 1627 dona
911 1571 1056 1633 Quiritist

308 1652 379 1714 Quo
393 1651 550 1727 spectanda
563 1650 656 1721 modo,
670 1667 726 1723 quo
740 1668 827 1705 sensu
841 1650 935 1706 credis
948 1661 978 1708 ct
991 1650 1061 1708 orel

309 1730 372 1793 Qui
386 1732 468 1788 timet
481 1730 525 1785 his
539 1730 666 1800 adversa,
681 1726 740 1784 ferd
755 1728 873 1785 miratur
887 1729 997 1801 eodem,

309 1809 379 1872 Quo
392 1808 520 1885 cupienS,
534 1818 634 1883 pacto:
655 1825 740 1882 pavor
753 1817 797 1863 est
810 1808 959 1881 utrobique
970 1808 1121 1866 molestus:
1217 1810 1254 1866 10

310 1888 468 1966 Improvisa
482 1886 565 1943 simul
580 1886 690 1961 species
703 1895 827 1943 exterret
837 1896 996 1961 utrumque.

309 1969 450 2039 Gaudeat,
465 1986 502 2023 an
516 1966 624 2034 doleat;
646 1965 751 2041 cupiat,
766 1975 929 2035 metuatne3
950 1966 1018 2040 quid
1032 1965 1069 2023 ad
1082 1984 1153 2039 rem,

311 2049 353 2121 Si,
367 2046 503 2124 quidquid
517 2045 586 2102 vidit
599 2044 701 2101 melius
711 2044 826 2121 pejusve
840 2044 892 2101 suti
906 2064 966 2119 spe,

310 2128 419 2185 Defixis
432 2125 522 2184 oculis
536 2124 686 2200 animoque
700 2134 729 2180 et
742 2143 859 2199 corpore
873 2125 985 2199 torpetl

311 2206 410 2264 Insani
424 2205 537 2281 sapiens
551 2223 656 2262 nomen
671 2203 750 2275 serat,
766 2222 863 2277 aequus
877 2203 977 2278 iniqui,
1219 2206 1255 2263 15

309 2283 391 2345 Ultra
404 2282 490 2360 quim
504 2281 572 2340 satis
585 2294 629 2341 est
644 2283 774 2340 virtutem
789 2283 813 2338 si
827 2293 905 2357 petat
918 2283 1017 2358 ipsam.

350 2365 365 2422 1
380 2383 468 2436 nunc,
483 2373 642 2439 argentum,
657 2373 685 2419 et
698 2381 821 2419 marmor
836 2373 925 2433 vetus,
941 2380 1062 2437 aeraque,
1076 2372 1105 2421 et
1119 2374 1194 2421 artes

311 2444 448 2520 Suspice;
470 2463 536 2500 cum
550 2442 670 2518 gemmis
684 2441 789 2517 Tyrios
803 2440 905 2498 mirare
920 2441 1047 2499 colores:

309 2525 411 2583 Gaude
424 2521 501 2598 qudd
515 2531 644 2599 spectant
657 2521 732 2578 oculi
746 2531 774 2577 te
788 2520 866 2576 mille
879 2520 1058 2594 loquentem:

309 2604 426 2661 Gnarus
439 2599 524 2660 mand
540 2601 631 2657 forum
646 2610 675 2656 et
688 2599 864 2674 vespertinus
877 2610 941 2674 pete
955 2610 1063 2657 tectum
1074 2619 1082 2670 ;
1215 2601 1254 2659 20

309 2682 339 2739 N
341 2702 358 2740 e
371 2683 436 2758 plus
449 2680 582 2737 frumenti
596 2678 736 2735 dotalibus
750 2688 855 2734 emetat
868 2677 943 2752 agris

310 2761 428 2830 Mutus3
449 2770 488 2832 et,
499 2757 660 2834 indignum,
674 2755 751 2832 qudd
766 2758 802 2814 sit
815 2756 956 2832 pejoribus
970 2766 1058 2830 ortus,

312 2841 371 2899 Hic
384 2839 435 2896 tibi
450 2838 486 2895 sit
499 2835 593 2913 potiris
607 2835 692 2912 quiam
707 2846 738 2893 tu
752 2837 889 2893 mirabilis
904 2836 951 2892 illi.

308 2918 460 2994 Quidquid
475 2919 528 2974 sub
542 2917 617 2973 terrai
631 2926 683 2988 est,
697 2915 727 2972 in
743 2916 869 2992 apricum
883 2915 1006 2991 proferet
1019 2926 1106 2986 aetas3

310 2999 444 3056 Defodiet
454 2997 613 3071 condetque
627 2996 755 3053 nitentia.
796 2994 897 3056 Quum
912 2995 985 3051 bene
999 3006 1097 3052 notum

311 3079 441 3136 Porticus
454 3077 588 3152 Agrippae
602 3087 631 3133 et
645 3076 690 3133 via
702 3088 730 3133 te
744 3074 923 3150 conspexerit
936 3073 1024 3150 Appi,

311 3157 358 3215 Ire
372 3169 467 3215 tamen
481 3166 568 3213 restat
582 3154 681 3212 Numa
694 3151 750 3229 qud
765 3153 880 3211 devenit
895 3164 923 3210 et
934 3154 1043 3210 Ancus.

312 3237 344 3294 Si
357 3237 430 3294 latus
445 3247 493 3293 aut
507 3255 589 3292 renes
603 3235 701 3292 morbo
712 3244 857 3291 tentantur
872 3242 965 3305 acuto,

310 3316 418 3378 Quare
432 3315 528 3390 fugam
543 3314 640 3371 morbi.
682 3314 734 3371 Vis
748 3309 826 3370 recte
841 3312 953 3370 viveret
974 3311 1037 3388 quis
1050 3314 1127 3370 nonl

313 3396 345 3454 Si
359 3395 448 3452 virtus
462 3397 516 3451 boc
527 3413 585 3449 una
598 3403 691 3468 potest
704 3393 782 3464 dare,
797 3391 875 3449 fortis
886 3391 998 3448 omissis

312 3475 378 3532 Hoc
392 3493 445 3550 age
458 3472 576 3532 deliciis.
618 3472 760 3529 Virtutem
774 3471 859 3527 verba
872 3480 963 3545 putes,
979 3480 1010 3526 ut

312 3555 424 3612 Lucum
438 3551 537 3638 lignal
558 3569 627 3608 cave
641 3569 678 3606 ne
692 3560 789 3625 portus
801 3559 923 3623 occupet
937 3548 1017 3621 alter,

312 3633 360 3690 Ne
374 3633 547 3710 Cibyratica,
560 3649 598 3687 ue
613 3629 736 3703 Bithyna
749 3627 864 3702 negotia
877 3627 987 3702 perdas.

313 3712 393 3770 Mille
407 3713 514 3770 talenta
528 3710 725 3778 rotundentur,
740 3706 859 3764 totidem
873 3706 976 3776 altera;
997 3702 1081 3781 porrd
1096 3716 1125 3764 et

311 3792 413 3849 Tertia
423 3790 588 3860 succedant,
603 3799 631 3845 et
644 3805 707 3863 quae
720 3805 785 3862 pars
798 3786 916 3859 quadret
930 3803 1072 3842 acervum.

313 3870 431 3929 Scilicet
445 3888 561 3928 uxorem
575 3886 642 3924 cum
656 3868 731 3939 dote,
746 3865 898 3940 fidemque,
913 3875 942 3921 et
955 3865 1073 3937 amicos,

312 3951 351 4008 Et
364 3969 466 4026 genus,
480 3959 509 4006 et
523 3948 650 4019 formam,
665 3947 764 4022 regina
777 3945 900 4020 pecunia
914 3945 1015 4001 donat:

225 4025 233 4034 ’
312 4030 359 4087 Ac
373 4031 447 4088 bene
461 4038 639 4085 nummatum
653 4027 768 4083 decorat
784 4023 907 4081 Suadela
921 4023 1085 4098 Venusque.

313 4108 468 4185 Mancipiis
481 4107 607 4181 locuples
621 4116 686 4181 eget
700 4105 762 4161 aeris
777 4103 981 4179 Cappadocum
996 4119 1062 4159 rex:

263 4264 273 4277 .
313 4188 360 4247 Ne
375 4189 461 4246 fueris
475 4187 572 4244 hictu.
613 4184 787 4259 chlamydes
800 4181 948 4255 Luctdlus,
962 4192 994 4239 ut
1008 4181 1100 4253 aiunt,
