3084 4900
557 588 758 637 CARMINUM
776 589 842 639 LIB.
859 589 911 639 111.

586 877 590 883 ,
632 809 717 866 ons
738 810 822 868 xiv.

616 946 657 984 An
672 947 844 986 TELEPHUM.

468 1045 628 1106 Quanrnu
643 1046 727 1102 distet
741 1046 777 1101 ab
791 1046 901 1103 Inacho

235 1134 238 1137 '
309 1125 434 1197 Codrus,
447 1123 602 1202 propatrui
615 1143 673 1181 non
687 1124 803 1181 timidus
816 1126 899 1199 mori,

470 1201 589 1274 Narras,
603 1214 632 1259 et
645 1222 736 1277 genus
749 1203 846 1276 AEaci,

309 1282 349 1342 Et
360 1294 487 1359 pugnata
501 1301 581 1339 sacro
596 1282 669 1338 bella
682 1284 735 1337 sub
749 1281 820 1338 llio:

467 1362 537 1423 Quo
550 1360 656 1417 Chium
670 1362 760 1436 pretio
774 1361 878 1418 cadum

309 1438 485 1511 hlercemur,
499 1440 564 1514 quis
577 1458 678 1513 aquam
693 1450 832 1514 temperet
846 1441 970 1517 ignibus,

448 1557 453 1599 t
468 1519 538 1580 Quo
551 1520 694 1594 praebente
708 1520 825 1575 domum
839 1532 868 1577 et
880 1520 969 1596 quoti

309 1596 436 1674 Pelignis
450 1615 562 1654 caream
577 1598 736 1672 frigoribus,
751 1608 838 1655 taces

467 1668 617 1753 DaOEunae
631 1674 750 1751 propere
764 1695 854 1747 novae,

309 1753 355 1812 Da
368 1754 471 1813 Noctis
485 1756 597 1825 mediae,
612 1756 657 1824 da,
671 1773 751 1827 puer,
766 1756 882 1829 auguris

468 1833 615 1889 Murenae:
636 1833 726 1889 tribus
740 1844 789 1889 aut
802 1852 904 1890 novem

309 1910 469 1970 Miscentur
483 1913 593 1987 cyathis
607 1911 710 1986 pocula
724 1912 889 1967 commodis.

465 1990 528 2051 Qui
543 1990 642 2046 Musas
653 2001 729 2045 amat
743 1989 874 2064 impareS,

307 2068 423 2127 'l'ernos
436 2079 479 2127 ter
492 2072 608 2143 cyathos
623 2069 758 2126 attonitus
771 2080 848 2143 petet

466 2149 568 2207 Vates:
589 2160 646 2205 tres
659 2149 789 2223 prohibet
802 2168 887 2224 supra

308 2226 449 2285 Rixarum
463 2239 593 2284 metuens
613 2239 729 2303 tangere
743 2228 852 2301 Gratia,

466 2306 560 2363 Nudis
572 2307 670 2381 juncta
685 2307 833 2363 sororibus.
854 2326 856 2331 ’

307 2382 441 2442 Insanire
451 2385 537 2462 juvat.
573 2386 632 2441 Cur
647 2385 844 2460 Berecynthiae

466 2465 587 2522 Cessant
601 2465 715 2521 flamina
728 2465 825 2522 tibiael

306 2542 368 2601 Cur
381 2544 486 2620 pendet
499 2545 586 2601 tacitis
600 2543 693 2616 fistula
707 2562 774 2598 cum
788 2543 868 2617 lyrtt

465 2622 619 2679 Parcentes
633 2641 687 2694 ego
701 2622 831 2677 dexteras

305 2699 382 2759 Odi:
403 2719 503 2775 sparge
518 2719 611 2771 rosas3
634 2698 730 2754 audiat
744 2698 858 2753 invidus

465 2778 636 2834 Dementem
652 2777 798 2850 strepitum
813 2777 917 2851 Lycus,

307 2855 345 2917 Et
358 2857 452 2914 vicina
468 2858 529 2913 seni
544 2876 601 2913 non
616 2855 716 2912 habilis
730 2854 818 2930 Lyco.

636 3171 720 3229 ODE
740 3173 808 3230 XV.

609 3309 648 3347 An
663 3310 843 3351 AMPnoRAM.

385 3411 414 3470 Ο
428 3429 509 3470 NATA
522 3429 636 3467 mecum
648 3410 765 3467 consule
781 3410 901 3482 Manlio,

386 3493 445 3548 Seu
458 3501 489 3547 tu
503 3488 641 3563 querelas,
656 3489 714 3544 sive
725 3489 801 3563 geris
811 3489 901 3564 jocoS,

425 3571 485 3627 Seu
498 3569 588 3624 rixam
602 3577 631 3623 et
644 3567 760 3642 insanos
770 3585 891 3638 amores,

362 3682 368 3753 p
464 3649 523 3704 Seu
538 3644 660 3715 facilem,
674 3644 721 3719 pia
734 3635 815 3715 testa,
830 3661 972 3715 somnum,

384 3728 567 3801 Quocunque
581 3724 687 3781 lectum
701 3723 817 3780 nomine
832 3722 995 3783 Massicum·

387 3808 499 3877 Servus,
510 3803 619 3876 moveri
634 3803 721 3879 digua
734 3802 810 3860 bono
824 3803 887 3861 die:

400 3904 404 3947 i
426 3884 589 3954 Descende,
604 3883 728 3940 Corvino
739 3881 868 3957 jubente,

463 3963 595 4020 Promere
610 3962 789 4038 languidiora
802 3963 875 4019 vina.

384 4041 453 4100 Non
468 4042 525 4114 ille,
539 4038 701 4117 duanquam
716 4041 869 4098 Socraticis
883 4040 980 4097 madet

385 4121 581 4193 Sermonibus,
595 4130 623 4177 te
639 4119 765 4196 negliget
779 4120 926 4178 horridus:
