3084 4900
620 616 687 664 Ans
704 615 861 665 nosnos.
1177 619 1230 676 191

275 760 338 824 Qui
352 759 454 833 nescit,
470 778 567 817 versus
581 769 677 819 tamen
691 760 778 817 audet
791 759 900 835 fingere
911 758 1094 823 l-Quidnil

275 842 363 899 Liber
376 851 405 897 et
419 840 573 915 ingenuus,
587 839 744 916 praesertim
757 858 862 897 census
875 850 1035 913 equestrem

277 922 427 979 Summam
441 937 633 990 nummorum,
649 919 771 993 vitioque
786 928 911 975 remotus
925 918 961 975 ab
973 919 1103 977 omni.-

276 999 326 1058 Tu
340 999 411 1056 nihil
426 998 515 1055 invita
525 998 605 1055 dices
620 997 742 1055 faciesve
756 996 905 1068 Minerrd;

276 1078 312 1137 Id
326 1078 378 1136 tibi
389 1077 530 1154 judicium
544 1088 596 1150 est,
610 1096 644 1134 ea
658 1096 756 1135 mens:
778 1076 803 1133 si
816 1077 885 1151 quid
898 1087 995 1135 tamen
1008 1077 1076 1135 olim

279 1156 442 1233 Scripseris,
457 1157 487 1214 in
502 1156 585 1213 Metii
599 1157 755 1213 descendat
764 1156 871 1233 judicis
884 1174 977 1229 aures,

277 1238 316 1295 Et
329 1236 426 1313 patris,
441 1247 471 1293 et
484 1246 595 1293 nostras
603 1254 611 1304 ;
632 1254 796 1310 nonumque
810 1245 954 1310 prematur
969 1236 998 1293 in
1013 1254 1130 1293 annum.

278 1316 456 1374 Membranis
471 1316 547 1373 intus
556 1315 664 1390 positis,
676 1314 771 1372 delere
782 1314 880 1372 licebit

277 1395 367 1459 Quod
378 1415 436 1453 non
451 1394 590 1464 edideris;
612 1394 705 1451 nescit
718 1413 771 1452 vox
785 1393 872 1451 missa
885 1392 996 1450 reverti.

213 1498 217 1510 ¹
318 1475 467 1532 Silvestres
481 1474 611 1531 homines
625 1492 705 1530 sacer
718 1472 913 1548 interpresque
926 1472 1045 1531 deorum

279 1553 417 1611 Caedibus
431 1564 460 1610 et
472 1553 550 1610 victu
565 1553 640 1609 foedo
653 1552 791 1610 deterruit
805 1550 956 1628 Orpheus3

279 1634 383 1691 Dictus
396 1632 433 1691 ob
447 1633 502 1690 hoc
515 1632 605 1688 lenire
619 1632 706 1706 tigres
720 1631 889 1705 rabidosque
903 1631 1016 1688 leones:

280 1713 384 1770 Dictus
397 1723 426 1769 et
440 1710 597 1787 Amphion,
609 1710 759 1767 Thebanae
770 1709 900 1767 conditor
914 1710 998 1782 arcis,

280 1794 357 1849 Saxa
369 1810 481 1849 movere
496 1810 566 1847 sono
579 1789 740 1861 testudinis,
754 1799 783 1846 et
795 1808 880 1865 prece
895 1788 1001 1846 blandai

279 1871 396 1929 Ducere
409 1868 466 1945 qud
480 1869 572 1927 vellet.
614 1867 682 1925 Fuit
695 1869 757 1925 haec
771 1867 911 1943 sapientia
923 1867 1078 1943 quondam,

279 1950 400 2008 Publica
413 1949 528 2025 privatis
542 1967 702 2020 secernere,
718 1966 799 2005 sacra
812 1947 946 2023 profanis,

280 2029 444 2087 Concubitu
457 2028 606 2104 prohibere
622 2047 702 2103 vag0,
717 2028 784 2084 dare
795 2026 860 2102 jura
874 2026 992 2099 maritis,

280 2108 394 2185 Oppida
408 2108 510 2179 moliri,
526 2108 603 2183 leges
617 2107 744 2164 incidere
758 2106 845 2182 ligno.

281 2189 333 2246 Sic
346 2190 435 2246 honor
449 2197 478 2245 et
491 2206 596 2245 nomen
610 2186 713 2243 divinis
726 2186 837 2243 vatibus
851 2195 935 2260 atque

281 2267 465 2325 Carminibus
479 2267 563 2324 venit.
605 2267 673 2324 Post
686 2266 738 2324 lios
752 2265 873 2341 insignis
887 2264 1031 2322 Homerus

280 2346 469 2423 Tyrtaeusque
483 2365 575 2403 mares
589 2346 699 2403 animos
710 2345 740 2402 in
755 2344 860 2402 Martia
874 2345 948 2401 bella

280 2426 419 2485 Versibus
432 2426 561 2495 exacuit;
584 2425 667 2482 dictae
677 2444 727 2502 per
739 2424 867 2483 carmina
880 2433 986 2495 sortes3

282 2506 320 2564 Et
334 2507 397 2564 vitae
410 2517 565 2564 monstrata
579 2506 624 2561 via
638 2515 698 2573 est;
719 2515 747 2561 et
761 2503 854 2579 gratia
866 2522 966 2579 regum

281 2586 383 2643 Pieriis
397 2596 505 2643 tentata
518 2584 625 2653 modis;
648 2582 788 2657 ludusque
803 2593 940 2658 repertus,

281 2666 320 2724 Et
332 2666 481 2742 longorum
495 2681 612 2738 operum
627 2662 710 2719 linis:
732 2681 769 2718 ne
784 2659 855 2718 sorte
869 2660 972 2737 pudori

282 2746 327 2804 Sit
341 2744 393 2801 tibi
405 2743 490 2800 Musa
504 2742 572 2817 lyrae
585 2741 683 2812 solers,
698 2750 727 2797 et
740 2752 839 2798 cantor
853 2740 966 2816 Apollo.

320 2822 350 2880 N
354 2823 435 2881 aturd
449 2822 529 2879 tieret
542 2820 683 2877 laudabile
697 2839 824 2892 carmen,
839 2839 875 2876 an
891 2830 960 2892 arte,

280 2903 445 2965 Quaesitum·
459 2912 509 2958 est.
551 2900 614 2976 Ego
627 2919 683 2956 neo
696 2900 822 2956 studium
836 2899 898 2956 sine
912 2898 999 2956 divite
1014 2897 1096 2971 vend,

281 2982 348 3042 Nec
361 2982 432 3039 rude
446 2980 514 3057 quid
528 2980 615 3057 possit
629 2979 711 3036 video
725 2978 892 3054 ingenium:
914 2979 1030 3036 alterius
1043 2977 1086 3036 sic

282 3062 383 3119 Altera
396 3061 487 3136 poscit
500 3079 583 3136 opem
597 3078 652 3132 ree,
667 3069 696 3116 et
706 3059 837 3134 conjurat
851 3055 953 3116 amicti.

249 3153 252 3157 ’
281 3141 344 3202 ttui
358 3141 452 3197 studet
466 3150 591 3215 optatam
605 3157 691 3194 cursu
705 3138 871 3213 contingere
885 3148 1000 3210 metam,
1051 3176 1053 3178 -

283 3219 377 3277 Multa
387 3220 451 3277 tulit
464 3218 586 3293 fecitque
599 3237 686 3294 puer3
708 3218 819 3275 sudavit
833 3229 862 3274 et
875 3217 939 3274 alsit
947 3237 955 3288 ;

287 3299 432 3356 Abstinuit
445 3297 559 3356 Venere
574 3307 602 3354 et
616 3297 697 3354 vino:
718 3297 766 3372 qui
782 3296 884 3372 Pythia
897 3305 994 3354 cantat

282 3378 419 3450 Tibicen,
433 3377 533 3434 didicit
546 3373 634 3452 priris,
648 3376 834 3451 extimuitque
848 3377 1023 3450 magistrum.

282 3457 348 3514 Nec
362 3456 430 3514 satis
444 3467 488 3515 est
501 3455 622 3512 dixisse:
664 3459 682 3485 “
698 3455 761 3530 Ego
775 3455 847 3511 mira
859 3459 993 3529 poemata
1006 3471 1120 3531 pango:

282 3538 415 3612 Occupet
430 3547 588 3593 extremum
602 3534 729 3603 scabies;
750 3533 821 3591 mihi
835 3543 917 3608 turpe
930 3533 1053 3610 relinqui
1066 3542 1121 3604 est,

281 3616 331 3687 Et,
345 3616 420 3691 quod
434 3623 491 3672 non
503 3613 601 3685 didici,
616 3610 686 3669 sane
702 3614 813 3669 nescire
829 3611 936 3668 fateri.”

323 3694 361 3752 Ut
373 3713 468 3770 praeco
479 3694 515 3751 ad
530 3711 640 3749 merces
653 3691 764 3748 turbam
776 3691 824 3766 qui
838 3690 915 3765 cogit
927 3692 1074 3765 emendas,

284 3776 484 3832 Assentatores
495 3772 576 3848 jubet
590 3772 626 3828 ad
639 3771 751 3828 lucrum
765 3771 806 3827 ire
820 3773 905 3847 pobta

283 3854 372 3911 Dives
386 3854 470 3928 agris,
486 3852 565 3909 dives
578 3850 677 3927 positis
691 3850 721 3907 in
736 3850 843 3908 foenore
857 3848 991 3907 nummis.

284 3933 317 3991 Si
332 3929 397 3990 verb
409 3941 452 3989 est
465 3941 584 3988 unctum
597 3930 645 4005 qui
659 3927 737 3990 recte
749 3948 855 4006 ponere
865 3928 964 4004 possit,

269 4077 272 4081 ,
285 4012 323 4072 Et
335 4011 475 4088 spondere
489 4010 543 4067 levi
558 4029 608 4086 pro
621 4028 756 4086 paupere,
770 4020 799 4067 et
812 4009 920 4084 eripere
936 4005 1004 4067 atris

285 4091 398 4152 litibus
411 4089 592 4166 implicitum,
605 4089 728 4148 mirabor
741 4089 766 4146 si
777 4088 849 4146 sciet
863 4088 951 4146 inter·
