3084 4900
537 582 737 632 CARMINUM
754 582 820 631 LlB.
837 582 860 632 1.

573 802 658 861 ODE
681 803 813 861 XXVII.

614 935 654 977 an
668 940 780 979 uranu.

360 1041 516 1099 Poscnuun
525 1081 532 1097 .
542 1083 548 1096 .
559 1038 599 1096 ‚si
613 1038 681 1114 quid
695 1039 778 1121 requi
792 1040 845 1096 sub
858 1040 960 1099 umbra

357 1121 491 1178 Lusimus
504 1129 609 1189 tecum,
625 1119 699 1193 quod
713 1122 742 1176 et
756 1120 834 1196 hunc
847 1119 878 1177 iu
892 1138 1000 1178 annum

358 1200 452 1272 Vivat,
466 1210 495 1255 et
507 1198 616 1273 plures;
639 1216 702 1272 age,
717 1198 764 1255 dic
779 1198 924 1271 Latinum,

513 1276 637 1348 Barbite,
652 1296 779 1352 carmen,

358 1356 461 1415 Lesbio
471 1353 594 1433 primum
609 1356 752 1413 modulate
768 1357 837 1430 civi3

356 1436 417 1497 Qui
432 1436 510 1492 ferox
523 1435 606 1507 bello,
621 1445 716 1492 tamen
731 1429 907 1511 inter'arma,

357 1516 422 1572 Sive
433 1515 567 1592 jactatam
581 1514 714 1589 religarat
726 1516 785 1572 udo

513 1592 620 1650 Littore
635 1594 739 1667 navim,

357 1673 502 1744 Liberum,
516 1683 545 1729 et
559 1671 668 1745 Musas,
682 1674 892 1748 Veneremque,
906 1684 935 1733 et
948 1674 989 1732 illi

358 1753 476 1827 Semper
490 1752 644 1808 haerentem
658 1752 793 1824 Puerum,
807 1749 938 1826 canebat,

356 1829 394 1888 Et
407 1830 517 1905 Lycum
531 1829 621 1903 nigris
634 1829 724 1886 oculis
738 1831 877 1905 nigroque
928 1881 931 1888 .

514 1907 601 1964 Crine
616 1908 760 1965 decorum.

356 1987 384 2044 Ο
399 1988 487 2044 decus
501 1986 612 2058 Phoebi,
627 1999 656 2044 et
670 1988 790 2063 dapibus
803 1988 928 2064 supremi

356 2068 444 2124 Grata
458 2066 570 2123 testudo
583 2064 671 2138 Jovis,
686 2086 703 2125 o
717 2066 845 2124 laborum

258 2214 261 2224 Ι
353 2145 447 2203 'Dulce
461 2145 597 2216 lenimen,
612 2146 681 2202 mihi
696 2142 810 2222 cunque
824 2146 901 2205 salve

512 2221 582 2281 Rite
597 2226 724 2283 vocanti!

561 2538 650 2616 one,
666 2538 816 2619 xxvur.

599 2673 639 2710 An
654 2622 791 2779 ulmum·

355 2777 473 2835 Paucos
488 2774 605 2830 deorum
619 2771 718 2844 cultor,
732 2783 761 2831 et
774 2772 949 2851 infrequens,

354 2852 529 2914 Insanientis
542 2851 609 2908 dum
624 2853 769 2928 sapientia

393 2931 548 2996 Consultus
561 2950 640 3002 erro;
661 2951 741 2990 nunc
754 2929 908 2992 retrorsum

431 3011 505 3070 Vela
517 3011 594 3083 dare,
609 3021 692 3086 atque
703 3012 805 3069 iterare
818 3032 920 3072 cursus

353 3092 448 3168 Cogor
461 3091 583 3148 relictos.
624 3088 758 3166 Namque
772 3090 926 3170 Diespiter,

351 3171 418 3249 Igni
431 3189 550 3228 corusco
563 3169 660 3228 nubila
673 3170 804 3228 dividens

390 3247 571 3325 Plerumque,
585 3268 635 3324 per
648 3268 751 3324 purum
764 3261 897 3309 tonantes

429 3327 497 3404 Egit
509 3346 606 3402 equos,
620 3329 819 3404 volucremque
833 3349 965 3389 currum:

350 3408 420 3471 Quo
433 3408 516 3464 bruta
528 3407 621 3479 telluS,
636 3418 665 3464 et
678 3427 750 3483 vaga
763 3408 891 3483 flumina,

349 3487 420 3549 Quo
434 3487 515 3561 Styx,
529 3495 558 3542 et
571 3486 655 3542 invisi
669 3488 784 3544 horrida
797 3486 914 3545 Taenari

392 3566 492 3636 Sedes,
508 3564 715 3637 Atlanteusque
729 3565 795 3625 finis

428 3643 608 3702 Concutitur.
642 3642 727 3699 Valet
740 3642 798 3699 ima
811 3644 944 3714 summisi

349 3722 473 3796 Mutare,
487 3732 516 3780 et
530 3720 654 3798 insignia
667 3731 795 3779 attenuat
808 3721 898 3797 Deus,
944 3721 952 3788 l

349 3803 481 3860 Obscura
494 3820 643 3878 promens:
664 3801 732 3858 hinc
746 3801 857 3878 apicem
870 3794 958 3881 rapax'

388 3881 516 3939 Fortuna
528 3899 595 3938 cum
609 3880 727 3938 stridore
742 3892 826 3940 acuto
937 3900 939 3903 ’

427 3961 547 4018 Sustulit
555 3980 563 4031 ;
585 3959 633 4018 hle
645 3961 772 4036 posuisse
785 3961 920 4038 gaudet.
