3084 4900
533 651 780 702 EPISTOLARUM
798 652 864 700 ΜΒ,
882 652 904 699 Ι.
922 654 961 700 16.
1174 655 1224 711 161

281 792 517 869 Praeteragendus
531 815 637 870 equus:
660 800 678 827 “
687 791 757 857 Qud
772 795 886 853 tendisl
906 814 963 853 non
978 795 1049 853 mihi
1062 792 1171 854 Cumas

281 872 334 929 Est
347 873 410 944 iter,
425 885 474 931 aut
487 875 600 947 Baias,''
615 875 686 931 laeva
700 876 894 932 stomachosus
908 874 1020 932 habenti

281 951 368 1008 Dicet
381 971 483 1026 eques:
505 954 555 1010 sed
569 954 649 1028 equis
663 955 781 1011 fraenato
794 963 837 1010 est
850 954 926 1010 auris
940 954 969 1009 in
983 972 1032 1011 ore
1041 952 1064 1032 :)

281 1029 374 1105 Major
388 1042 482 1088 utrum
495 1033 630 1107 populum
645 1031 780 1090 frumenti
794 1032 876 1106 copia
888 1043 985 1107 pascat
993 1052 1001 1102 3

281 1109 462 1166 collectosne
477 1111 575 1168 bibant
588 1111 701 1182 imbres,
716 1122 853 1185 puteosne
867 1130 1008 1185 perennes
1194 1111 1230 1167 15

281 1186 299 1243 J
303 1188 365 1263 ugis
380 1207 475 1262 aquae:
500 1188 580 1260 (nam
596 1190 660 1245 vina
673 1190 745 1246 nihil
759 1209 851 1247 moror
865 1190 940 1245 illius
953 1207 1027 1247 orte:

281 1267 363 1323 Rure
378 1285 441 1324 meo
455 1287 569 1342 possum
582 1268 692 1343 quidvis
705 1269 829 1343 perferre
842 1269 955 1343 patique
966 1287 976 1338 3

281 1346 331 1402 Ad
345 1364 422 1402 mare
435 1365 523 1420 quum
538 1348 613 1419 veni,
627 1366 796 1420 generosum
809 1358 839 1404 et
852 1347 917 1403 lene
931 1346 1053 1421 requiro,

280 1424 370 1485 Quod
385 1443 467 1481 curas
481 1426 586 1500 abigat,
601 1426 675 1500 quod
690 1444 756 1481 cum
771 1446 820 1500 spe
835 1425 921 1482 divite
934 1436 1032 1483 manet

281 1502 317 1559 In
331 1522 418 1559 venas
432 1504 614 1579 animumque
628 1523 734 1575 meum,
748 1506 823 1579 quod
837 1505 922 1561 verba
934 1504 1099 1584 ministret.)
1191 1506 1231 1563 20

281 1581 406 1638 Tractus
420 1593 481 1639 uter
495 1583 590 1658 plures
603 1584 721 1658 lepores,
736 1594 798 1640 uter
812 1584 915 1639 educet
928 1603 1025 1658 apr0s;

281 1660 351 1718 Utra
365 1658 455 1736 magis
469 1662 562 1736 pisces
575 1672 604 1719 et
617 1663 734 1719 echinos
748 1680 861 1736 aequora
874 1662 969 1719 celent
977 1682 984 1731 ;

281 1739 400 1815 Pinguis
414 1751 445 1796 ut
459 1740 526 1797 inde
540 1742 655 1799 domum
669 1740 774 1815 possim
789 1741 949 1814 Phaeaxque
964 1742 1084 1801 reverti:

282 1819 413 1876 Scribere
427 1830 455 1876 te
469 1819 561 1890 nobis,
575 1819 626 1876 tibi
640 1838 692 1876 nos
705 1820 867 1889 accredere,
881 1838 931 1894 par
945 1831 996 1877 est.

321 1895 455 1969 Maenius,
470 1908 510 1969 ut,
524 1899 609 1954 rebus
623 1898 757 1954 maternis
772 1908 856 1972 atque
869 1898 995 1973 paternis
1022 1968 1024 1971 y
1190 1903 1231 1960 25

282 1974 405 2033 Fortiter
419 1977 584 2052 absumptis,
596 1977 721 2033 urbanus
736 1977 822 2052 coepit
832 1976 940 2049 haberi,

283 2056 389 2112 Scurra
402 2075 500 2131 vagus,
514 2075 571 2113 non
586 2056 634 2131 qui
648 2069 757 2113 certum
771 2075 897 2131 praesepe
911 2067 1030 2131 teneret,

283 2133 449 2209 Impransus
462 2155 520 2192 non
533 2135 582 2210 qui
596 2136 687 2192 civem
702 2136 882 2210 dignosceret
896 2137 985 2207 hoste,

280 2213 427 2275 Quaelibet
440 2213 470 2270 in
485 2214 611 2289 quemvis
625 2216 774 2290 opprobria
788 2214 895 2290 fingere
909 2233 1010 2288 saevus,

280 2291 427 2349 Pernicies
441 2303 470 2349 et
483 2303 634 2369 tempestas
649 2295 866 2368 barathrumque
880 2294 1002 2367 macelli,
1190 2298 1230 2355 30

280 2371 431 2446 Quidquid
445 2373 603 2448 quaesierat,
618 2374 707 2430 ventri
722 2374 847 2430 donabat
860 2391 952 2429 avaro.

282 2450 351 2523 Hic,
367 2451 415 2508 ubi
429 2452 563 2529 nequitiae
577 2452 732 2509 fautoribus
746 2463 775 2509 et
788 2453 895 2509 timidis
908 2452 947 2508 nil

281 2529 342 2586 Aut
354 2531 471 2606 paulum
486 2531 647 2602 abstulerat,
660 2531 771 2606 patinas
786 2531 917 2587 coenabat
930 2531 1031 2605 omasi,

280 2609 354 2666 Vilis
367 2620 396 2666 et
409 2610 532 2684 agninae,
546 2609 636 2666 tribus
649 2609 722 2665 ursis
736 2611 811 2683 quod
825 2606 893 2665 satis
906 2620 981 2667 esset
989 2629 997 2680 ;

283 2688 403 2746 Scilicet
417 2699 448 2745 ut
461 2697 573 2744 ventres
585 2687 682 2744 lamna
696 2688 837 2745 candente
851 2698 987 2762 nepotum
1190 2693 1230 2749 35

281 2767 398 2824 Diceret
411 2767 544 2838 urendos,
559 2773 703 2824 corrector
716 2767 841 2826 Bestius.
886 2765 966 2823 ldem

280 2846 430 2921 Quidquid
444 2855 504 2902 erat
517 2855 618 2902 nactus
632 2847 733 2920 praedae
749 2846 871 2922 majoris,
886 2845 934 2901 ubi
947 2864 1032 2903 omne

280 2926 412 2983 Verterat
425 2926 455 2982 in
471 2925 579 2980 fumum
592 2935 621 2981 et
635 2925 771 2996 cinerem,
787 2931 804 2955 “
814 2923 844 2980 N
846 2944 884 2981 on
898 2922 1014 2982 herculd
1030 2924 1143 2998 miror,'’

281 3005 395 3076 Aiebat,
410 3004 464 3061 “si
478 3004 526 3078 qui
540 3005 693 3060 comedunt
707 3005 791 3074 bona,
806 3022 893 3078 quum
907 3004 943 3060 sit
955 3004 1042 3062 obeso

280 3082 331 3139 Nil
347 3083 448 3140 melius
461 3083 553 3154 turd0,
569 3083 608 3138 nil
624 3083 706 3138 vulva
719 3083 866 3158 pulchrius
880 3081 1001 3158 ampld.'’
1190 3085 1229 3144 40

281 3162 427 3219 Nimirum
443 3163 490 3218 hic
504 3180 557 3236 ego
571 3181 651 3230 sum3
673 3181 739 3218 nam
754 3174 815 3219 tuta
828 3172 856 3218 et
870 3161 985 3236 parvula
999 3161 1096 3236 laudo,

279 3240 380 3302 Quum
395 3260 440 3297 res
455 3240 599 3311 deliciunt,
615 3238 683 3297 satis
697 3241 769 3298 inter
784 3241 849 3297 vilia
863 3241 957 3298 sortis:

280 3315 399 3392 Verium,
414 3318 462 3375 ubi
476 3318 544 3394 quid
558 3319 659 3375 melius
673 3321 814 3395 contingit
827 3329 855 3376 et
868 3320 993 3392 unctius,
1006 3320 1084 3379 idem

281 3399 341 3456 Vos
355 3417 453 3474 sapere
467 3408 496 3455 et
509 3397 583 3455 solos
597 3399 642 3454 aio
656 3399 729 3456 bene
743 3399 846 3468 vivere,
860 3416 979 3472 quorum

280 3476 463 3554 Conspicitur
477 3476 574 3535 nitidis
588 3477 706 3534 fundata
720 3477 844 3552 pecunia
858 3476 939 3534 villis

582 3829 785 3890 EPISTOLA
806 3830 889 3891 XVI.

620 3990 660 4028 An
672 3989 850 4034 Quutc‘rmM.

277 4110 328 4171 Na
341 4111 526 4190 perconteris,
541 4111 644 4168 fundus
658 4128 748 4183 meus,
762 4111 867 4185 optime
876 4109 1011 4184 Quincti,

277 4193 356 4251 Ario
368 4202 466 4269 pascat
480 4193 590 4261 herum,
602 4209 639 4247 an
653 4189 750 4247 baccis
762 4190 909 4263 opulentet
921 4189 1013 4264 olivae,

518 4270 580 4328 tt*
