3084 4900
319 612 376 673 192
644 608 676 666 Q·
694 607 842 658 HORATll
859 606 984 657 FLACCI

355 772 474 813 noscere
483 754 652 811 mendacem
665 772 820 828 verumque
834 752 933 809 beatus
947 751 1080 811 amicum.
1255 755 1319 816 42⁰

356 834 415 905 Tu,
430 853 482 891 seu
496 834 621 906 donaris,
633 851 683 889 seu
697 834 765 907 quid
780 834 887 889 donare
900 832 970 889 velis
984 832 1042 905 cui,

357 913 456 971 Nolito
470 914 506 970 ad
520 931 618 970 versus
631 913 682 969 tibi
694 912 784 969 factos
798 912 903 968 ducere
917 911 1036 987 plenum

356 991 492 1062 Laetitiae;
514 992 648 1049 clamabit
663 992 750 1063 enim,
772 996 790 1021 “
806 988 947 1047 Pulchre!
968 991 1059 1049 beuel
1081 988 1161 1050 rectd
1173 992 1207 1046 l”

357 1073 497 1129 Pallescet
511 1089 595 1147 super
609 1071 669 1139 his;
691 1071 778 1127 etiam
793 1068 910 1126 stillabit
923 1069 1024 1127 amicis
1123 1100 1125 1104 ·

357 1151 402 1209 Ex
414 1151 506 1208 oculis
520 1169 627 1219 rorem3
649 1150 739 1221 saliet,
753 1150 855 1206 tundet
867 1150 941 1225 pede
955 1161 1067 1208 terram.
1253 1151 1317 1211 430

356 1231 405 1303 Ut,
419 1230 467 1305 qui
481 1229 616 1287 conducti
630 1229 742 1304 plorant
755 1229 785 1285 in
800 1228 909 1300 funere,
924 1228 1025 1286 dicunt

357 1310 395 1367 Et
410 1310 518 1367 faciunt
531 1306 618 1384 prope
633 1308 714 1383 plura
728 1308 889 1364 dolentibus
902 1326 939 1364 ex
953 1309 1065 1381 anim03
1086 1309 1130 1368 sio

356 1389 473 1447 Derisor
487 1408 552 1445 vero
565 1385 631 1463 plirs
644 1387 790 1444 laudatore
805 1399 941 1444 movetur.

357 1469 456 1545 Reges
470 1468 604 1524 dicuntur
617 1466 713 1523 multis
727 1485 829 1543 urgere
841 1467 963 1538 culullis‚

356 1547 395 1606 Et
408 1559 537 1621 torquere
552 1564 640 1616 mero,
653 1564 738 1620 quem
751 1546 928 1622 perspexisse
939 1546 1079 1622 laborent,

357 1629 407 1685 An
418 1627 454 1683 sit
468 1626 594 1683 amicitiai
609 1626 729 1701 dignus:
752 1626 776 1682 si
790 1626 918 1683 carmina
931 1628 1048 1700 condes,

357 1706 517 1781 Nunquam
531 1716 559 1762 te
575 1705 671 1762 fallant
682 1705 770 1762 animi
785 1706 839 1761 sub
853 1706 937 1780 vulpe
951 1705 1082 1765 latentes.

395 1785 557 1847 Quinctilio
571 1785 594 1841 si
608 1785 675 1859 quid
689 1786 833 1857 recitares,
848 1790 866 1815 “
879 1784 1007 1862 Corrige,
1021 1789 1115 1862 sodes,

357 1866 452 1938 Hoc,¹’
469 1864 571 1937 aiebat,
587 1869 605 1894 “
621 1875 649 1921 et
663 1864 747 1921 hoc.''
790 1863 896 1922 Melius
910 1878 938 1921 te
952 1885 1034 1940 posse
1048 1886 1169 1945 negares

358 1945 407 2002 Bis
421 1956 519 2020 terque
534 1955 681 2020 expertum
696 1942 818 2013 frustrd3
841 1945 936 2001 delere
947 1945 1075 2020 jubebat,

357 2024 395 2082 Et
408 2022 483 2081 male
498 2035 624 2081 tornatos
638 2024 735 2080 incudi
749 2024 869 2080 reddere
883 2042 987 2081 versus.

358 2105 390 2161 Si
404 2104 557 2160 defendere
572 2102 718 2173 delictum,
732 2100 819 2177 quam
833 2113 952 2175 vertere,
966 2104 1074 2176 malles,

357 2182 478 2241 Nullum
493 2180 568 2239 ultrb
582 2183 708 2253 verbum,
724 2192 772 2238 aut
782 2201 897 2257 operam
911 2185 1041 2243 sumebat
1054 2185 1180 2260 inanem,

356 2262 439 2324 Quin
453 2262 515 2319 sine
530 2261 609 2319 rivali
623 2272 706 2336 teque
720 2272 749 2318 et
762 2272 811 2318 tua
825 2262 902 2318 solus
916 2281 1034 2321 amares.

358 2342 410 2400 Vir
425 2342 516 2400 bonus
530 2353 558 2398 et
570 2342 696 2417 prudens
710 2359 808 2397 versus
819 2342 1007 2416 reprehendet
1020 2343 1135 2418 inertes,

358 2421 492 2498 Culpabit
506 2422 600 2493 duros,
614 2420 766 2496 incomptis
780 2420 878 2478 allinet
891 2433 983 2479 atrum

358 2501 534 2559 Transverso
548 2501 658 2557 calamo
672 2500 796 2575 signum,
811 2501 960 2559 ambitiosa
972 2502 1082 2562 recidet

357 2581 544 2651 Ornamenta,
556 2598 655 2655 parum
670 2579 754 2637 claris
767 2580 862 2637 lucem
877 2582 945 2638 dare
959 2593 1052 2658 coget,-

357 2663 470 2738 Arguet
483 2656 617 2734 ambigue
633 2659 751 2731 dictum,
766 2661 904 2718 mutanda
916 2661 1044 2720 notabit:

358 2740 423 2798 Fiet
436 2739 637 2807 Aristarchus3
659 2757 717 2795 non
732 2739 819 2812 dicet,
840 2745 858 2770 ‘⁴
873 2740 934 2797 Cur
945 2759 999 2816 ego
1010 2742 1135 2800 amicum

357 2819 511 2877 Offendam
525 2818 555 2874 in
570 2817 655 2894 nugis
665 2818 702 2875 l''
737 2819 794 2876 Hae
804 2838 889 2896 nugae
904 2821 978 2878 seria
991 2822 1099 2880 ducent

357 2899 393 2957 In
407 2898 482 2954 mala
496 2896 620 2954 derisum
634 2897 721 2954 semel
732 2910 938 2975 exceptumque
951 2898 1075 2958 sinistre.

397 2977 436 3035 Ut
449 2975 524 3034 mala
537 2995 621 3050 quem
636 2977 746 3035 scabies
760 2989 810 3036 aut
822 2979 938 3036 morbus
951 2979 1047 3056 regius
1061 2991 1154 3060 urget,

358 3057 420 3114 Aut
433 3055 573 3114 fanaticus
587 3074 673 3128 error,
688 3068 717 3113 et
731 3057 870 3115 iracunda
883 3057 995 3128 Diana;

357 3137 504 3194 Vesanum
519 3134 645 3211 tetigisse
659 3136 760 3194 timent
774 3137 941 3213 fugiuntque
953 3141 1078 3213 poetam,

357 3215 419 3277 Qui
434 3214 563 3290 sapiunt3
585 3215 693 3290 agitant
705 3217 798 3291 pueri,
812 3217 977 3292 incautique
987 3228 1153 3293 sequuntur.

358 3293 428 3366 Hic,
439 3295 508 3350 dum
522 3294 658 3350 sublimes
672 3313 769 3353 versus
783 3306 919 3368 ructatur,
934 3307 963 3353 et
976 3308 1061 3371 errat,

357 3373 391 3434 Si
403 3373 489 3430 veluti
502 3373 619 3430 merulis
633 3373 759 3432 intentus
770 3375 877 3432 decidit
891 3393 997 3450 auceps

359 3451 395 3511 In
408 3463 526 3530 puteum
541 3452 695 3525 loveamve,
709 3452 789 3526 licet,
804 3459 823 3485 “
838 3454 1033 3529 Succurrite,''
1048 3456 1167 3534 longum

358 3531 481 3605 Clamet,
496 3536 515 3562 “
529 3530 565 3589 Io
577 3532 654 3590 cives
664 3534 670 3590 l
680 3534 697 3560 ''
719 3553 778 3591 nou
792 3533 829 3591 sit
841 3534 890 3609 qui
904 3534 1002 3592 tollere
1017 3546 1106 3595 curet.

360 3611 392 3670 Si
404 3620 487 3669 curet
500 3611 563 3686 quis
576 3631 660 3687 opem
674 3612 747 3670 ferre
761 3623 790 3670 et
803 3612 953 3671 demittere
967 3615 1075 3687 funem,

357 3694 377 3722 “
389 3689 452 3753 Qut
466 3689 522 3748 scis
536 3710 573 3748 au
586 3692 712 3766 prudens
726 3692 784 3749 huc
797 3711 828 3749 se
843 3693 987 3768 dejecerit,
1001 3704 1086 3768 atque

358 3770 471 3828 Servari
483 3771 573 3828 nolitl
583 3771 600 3797 '³
615 3770 709 3828 dicam
721 3790 729 3839 ;
751 3771 897 3847 Siculique
911 3776 1004 3848 poetar

358 3847 489 3907 Narrabo
503 3848 665 3906 interitum:
687 3853 706 3881 “
721 3851 792 3907 deus
802 3850 968 3909 immortalis
979 3852 1077 3910 haberi

359 3927 437 3986 Dum
451 3928 529 4004 cupit
542 3926 741 4004 Empedocles,
756 3932 904 3987 ardentem
918 3931 1037 4007 frigidus
1051 3931 1169 3991 AEtnam

359 4005 482 4066 Insiluit.
524 4007 568 4065 Sit
578 4007 635 4084 jus,
648 4006 789 4085 liceatque
802 4011 894 4085 perire
907 4011 1019 4087 poetis:

359 4084 485 4145 Invitum
498 4085 546 4162 qui
560 4096 662 4160 serrat,
677 4086 754 4145 idem
769 4089 837 4147 facit
849 4089 1014 4149 occidenti:
