3084 4900
230 569 233 574 ’
257 572 313 630 102
581 570 612 628 Q.
630 569 777 622 Hortaru
793 570 917 620 snaocr

295 710 449 770 Certatim:
470 710 586 769 tandem
601 712 692 770 sessus
706 712 829 771 dormire
842 712 931 771 viator

295 790 415 865 Incipit;
437 809 471 847 ac
486 790 579 847 missae
593 803 705 867 pastum
719 793 877 850 retinacula
890 790 975 848 mulae

295 868 394 926 Nauta
406 869 486 945 piger
500 889 568 927 saxo
582 870 692 946 religat,
707 872 855 946 stertitque
869 870 997 946 supinus.

295 946 417 1023 Jamque
431 949 492 1005 dies
506 948 613 1021 aderat,
627 968 714 1024 quum
729 950 770 1007 nil
784 950 937 1026 procedere
951 948 1065 1007 lintrem

296 1026 458 1096 Sentimus;
480 1028 572 1085 donec
586 1029 751 1086 cerebrosus
764 1027 873 1102 prosilit
884 1047 967 1099 unus,

295 1105 342 1161 Ac
355 1105 439 1162 mulae
453 1117 602 1182 nautaeque
616 1117 702 1180 caput
715 1105 882 1181 lumbosque
897 1105 1007 1182 saligno

295 1182 384 1240 Fuste
400 1183 492 1241 dolat:
514 1185 613 1259 quarti
627 1184 673 1240 vix
687 1182 803 1240 demum
818 1203 984 1258 exponrmur
999 1182 1077 1243 hori.

295 1262 355 1318 Ora
369 1281 525 1337 manusque
539 1264 589 1320 tui
603 1262 731 1335 lavimus,
746 1262 881 1334 Feronia,
895 1261 1019 1337 lymphi.

295 1338 388 1397 Millia
402 1351 462 1397 tum
477 1341 572 1416 pransi
587 1341 641 1398 tria
655 1341 790 1415 repimuS,
805 1353 888 1415 atque
903 1341 1032 1398 subimus

295 1417 463 1493 Impositum
478 1419 553 1476 saxis
566 1416 624 1476 late
640 1419 830 1476 candentibus
844 1421 955 1477 Anxur.

240 1496 243 1500 ’
295 1496 364 1553 Huc
378 1508 513 1553 venturus
526 1508 587 1554 erat
601 1497 756 1570 Maecenas,
770 1498 894 1573 optimus
908 1510 992 1574 atque

295 1576 446 1647 Cocceius,
460 1575 539 1632 missi
554 1576 664 1652 magnis
678 1578 713 1633 de
728 1578 813 1633 rebus
827 1589 946 1652 uterque

295 1653 406 1730 Legati,
421 1674 532 1712 aversos
546 1655 619 1713 soliti
631 1674 802 1730 componere
817 1656 931 1713 amieos

295 1732 355 1790 Hic
368 1733 460 1791 oculis
473 1753 527 1809 ego
541 1735 623 1809 nigra
636 1734 707 1791 meis
722 1734 838 1810 collyria
852 1735 946 1809 lippus

295 1810 419 1869 Illinere.
461 1812 576 1871 Interea
590 1812 735 1870 Maecenas
749 1814 865 1871 advenit
878 1825 962 1889 atque

295 1889 447 1963 Cocceius,
461 1891 619 1967 Capitoque
633 1892 716 1949 simul
731 1892 879 1964 Fonteius,
894 1894 930 1949 ad
944 1910 1070 1967 unguem

295 1968 402 2026 Factus
416 1971 511 2043 homo,
526 1969 647 2043 Antoni,
661 1990 719 2028 non
734 1984 765 2029 ut
780 1969 872 2046 magis
886 1972 966 2042 alter,
981 1970 1099 2029 amicus.

333 2046 452 2106 Fundos
466 2050 583 2107 Aufidio
597 2050 691 2107 Lusco
705 2060 824 2123 praetore
835 2050 955 2106 libenter

294 2124 474 2201 Linquimus,
490 2127 582 2185 insani
597 2128 722 2184 ridentes
735 2128 853 2202 praemia
866 2128 976 2198 scribae,

295 2204 473 2277 Praetextam,
487 2216 516 2262 et
529 2206 616 2262 latum
631 2206 752 2278 clavum,
766 2224 921 2281 prunaeque
935 2204 1072 2264 batillum.

295 2282 329 2340 In
345 2282 554 2341 Mamurrarum
568 2284 634 2341 lassi
650 2284 754 2340 deinde
768 2286 838 2341 urbe
852 2281 1012 2356 manemus,

295 2360 427 2419 Muraenai
440 2364 584 2437 praebente
599 2364 725 2435 domum,
740 2362 880 2439 Capitone
894 2363 1029 2419 culinam.

333 2441 450 2500 Postera
463 2442 512 2499 lux
524 2441 612 2501 oritur
625 2438 716 2500 multb
730 2442 909 2519 gratissima:
930 2461 1053 2518 namque

294 2517 402 2579 Plotius
416 2531 444 2578 et
458 2521 562 2579 Varius
577 2522 720 2579 Sinuessae
732 2522 925 2598 Virgiliusque

295 2600 459 2658 Occurrunt
467 2620 475 2670 ;
497 2602 608 2674 animae,
622 2603 719 2677 quales
733 2621 825 2678 neque
839 2601 1020 2660 candidiores

294 2678 387 2736 Terra
400 2680 473 2752 tulit,
487 2700 580 2757 neque
593 2681 673 2757 queis
683 2701 729 2738 me
743 2681 780 2739 sit
793 2681 950 2739 devinctior
964 2681 1042 2738 alter.

294 2757 322 2813 Ο
336 2758 384 2833 qui
399 2760 563 2834 complexus
577 2771 606 2817 et
619 2761 726 2836 gaudia
738 2772 844 2836 quanta
858 2761 988 2817 luerunt!

293 2835 344 2894 Nil
358 2856 412 2913 ego
425 2839 594 2896 contulerim
605 2839 734 2914 jucundo
746 2858 832 2896 sanus
846 2839 950 2896 amico.

293 2914 428 2973 Proxima
442 2916 590 2992 Campano
603 2918 682 2991 ponti
696 2935 758 2992 quae
772 2917 868 2973 villula
881 2927 988 2973 tectum

292 2991 427 3066 Praebuit,
441 3006 469 3052 et
482 2994 608 3069 parochi,
622 3014 684 3069 quae
698 2996 813 3065 debent,
827 2993 906 3069 ligna
919 2995 1071 3068 salemque.

293 3071 373 3128 Hinc
386 3073 455 3130 muli
470 3073 577 3148 Capuae
592 3072 711 3130 clitellas
725 3086 851 3147 ternpore
864 3083 982 3146 ponunt.

292 3148 403 3209 Lusum
416 3151 438 3207 it
451 3149 612 3220 Maecenas3
633 3150 786 3208 dormitum
801 3170 855 3226 ego
869 3149 1078 3226 Virgiliusque:

292 3228 425 3304 Namque
438 3229 495 3304 pilai
509 3229 592 3305 lippis
605 3228 754 3286 inimicum
768 3240 798 3286 et
810 3229 908 3286 ludere
922 3227 1028 3286 crudis.

332 3307 411 3364 Hinc
424 3327 477 3366 nos
491 3307 607 3365 Cocceii
622 3307 722 3384 recipit
735 3307 900 3384 plenissima
913 3307 987 3380 villa,

290 3385 367 3447 Quae
381 3404 465 3462 super
479 3398 522 3444 est
536 3385 629 3443 Caudi
644 3405 796 3462 cauponas.
837 3385 925 3443 Nunc
939 3385 1009 3444 mihi
1019 3385 1119 3463 paucis

292 3465 435 3523 Sarmenti
449 3484 553 3523 scurrae
566 3484 692 3541 pugnam
706 3464 852 3541 Messique
866 3465 979 3538 Cicirri,

291 3541 390 3615 Musa,
401 3544 485 3601 velim
499 3564 655 3614 memores3
677 3556 706 3603 et
719 3563 775 3621 quo
788 3555 867 3620 patre
881 3555 966 3602 natus
979 3554 1098 3619 uterque

291 3621 451 3681 Contulerit
464 3624 535 3681 lites.
571 3623 661 3682 Messi
675 3624 788 3682 clarum·
797 3643 889 3700 genus
901 3623 989 3693 Osci;

291 3700 434 3759 Sarmenti
448 3703 565 3760 domina
578 3714 676 3761 exstat.
717 3704 765 3761 Ab
780 3703 824 3760 bis
837 3702 991 3778 majoribus
1003 3698 1057 3758 orti
1195 3702 1237 3763 55

289 3779 337 3836 Ad
351 3799 477 3856 pugnam
491 3780 604 3839 vendre.
646 3782 726 3840 Prior
741 3783 925 3839 Sarmentus:
946 3785 964 3811 “
977 3779 1052 3855 Equi
1065 3790 1094 3837 te

290 3857 361 3916 Esse
376 3859 427 3916 feri
441 3860 561 3917 similem
575 3860 667 3917 dico.'’
709 3861 866 3918 Ridemus:
887 3859 990 3935 etipse

289 3933 424 4010 Messius,
440 3938 621 4013 “Accipio'';
643 3949 727 4014 caput
741 3949 770 3995 ot
783 3948 884 3995 movet.
926 3942 944 3968 “
954 3937 982 3993 Ο
995 3947 1045 3994 tua
1058 3955 1148 3996 cornu

289 4014 329 4072 Ni
344 4016 414 4074 foret
427 4029 543 4075 exsecto
557 4017 661 4089 frons,''
677 4017 777 4092 inquit,
792 4017 888 4090 “quid
903 4016 1022 4088 faceres,
1035 4035 1125 4092 quum

290 4095 339 4152 Sic
354 4095 469 4153 mutilus
483 4096 666 4154 minitarisl”
708 4097 749 4153 At
763 4096 803 4153 illi
818 4095 893 4153 foeda
906 4094 1023 4154 cicatrix
1195 4096 1235 4156 ⁰0
