3084 4900
637 594 668 652 Q.
686 594 833 643 HORATII
849 592 974 642 FLACCI

705 814 790 873 ODE
810 815 908 874 XXV.

699 952 740 989 An
753 941 911 992 vaunnam.

470 1054 498 1111 Ο
511 1051 629 1122 Vanus,
643 1049 743 1126 regina
755 1050 844 1107 Gnidi
859 1050 1013 1126 Paphique‚

470 1133 579 1207 Sperne
594 1130 726 1185 dilectam
741 1128 865 1204 Cypron,
880 1140 909 1185 et
922 1128 1047 1187 vocantis

469 1210 572 1267 Thure
586 1220 614 1266 te
628 1206 717 1264 multo
728 1207 857 1281 Glycerae
872 1209 1004 1264 decoram

708 1284 846 1342 Transfer
860 1285 890 1343 in
905 1287 1004 1343 aedem.

470 1364 608 1423 Fervidus
622 1374 718 1421 tecum
730 1384 811 1439 puer,
825 1375 855 1421 et
868 1366 966 1423 solutis

470 1444 576 1501 Gratiae
591 1443 681 1514 zoniS,
695 1454 901 1518 properentque
915 1442 1066 1519 Nymphae,

471 1522 509 1580 Et
522 1541 622 1599 parum
636 1521 725 1579 cornis
738 1522 800 1579 sine
814 1532 842 1579 te
856 1522 1002 1599 luventas,

706 1599 931 1676 Mercuriusque.

697 1913 782 1971 ODE
802 1914 916 1974 XXVI.

688 2049 728 2087 AD
742 2049 924 2089 APOLLINEM.

471 2150 556 2211 Qum
571 2146 733 2204 dedicatum
747 2148 839 2222 poscit
853 2148 1016 2223 Apollinem
1049 2156 1051 2160 '

471 2227 580 2288 Vatesl
600 2225 668 2300 quid
681 2235 752 2296 orat,
767 2226 802 2281 de
816 2227 1031 2301 paterinorum

510 2304 648 2363 Fundens
661 2303 817 2378 liquoreml
857 2304 925 2362 Non
938 2306 1047 2382 opimas

552 2383 691 2440 Sardiniae
705 2394 816 2459 segetes
830 2383 931 2441 feracis
939 2405 947 2456 3

471 2464 540 2522 Non
555 2473 681 2519 aestuosae
695 2474 776 2538 grata
790 2463 929 2521 Calabriae

472 2545 613 2602 Armenta
621 2561 628 2611 ;
651 2560 709 2598 non
724 2560 825 2599 aurum
839 2553 887 2600 aut
900 2544 970 2601 ebur
984 2541 1136 2616 Indicum3

510 2621 578 2680 Non
591 2639 657 2679 rura
670 2639 731 2696 quae
745 2621 820 2679 Liris
833 2622 929 2698 quietis

551 2700 666 2758 Mordet
679 2701 762 2777 aqut,
777 2703 936 2760 taciturnus
949 2702 1050 2761 amnis.

472 2781 606 2839 Premant
620 2779 730 2837 Caleni
744 2781 827 2853 falce,
841 2783 943 2856 quibus
956 2782 1035 2840 dedit

472 2860 608 2928 Fortuna,
623 2858 725 2914 vitem:
740 2859 819 2914 dives
832 2871 861 2916 et
874 2861 967 2917 aureis

513 2937 656 2994 Mercator
670 2935 795 2991 exsiccet
809 2937 921 2993 culullis

550 3013 626 3069 Vina
641 3013 713 3086 Syra
726 3025 855 3087 reparata
868 3032 973 3086 merce,

472 3092 527 3153 Dis
540 3110 622 3150 carus
637 3092 720 3166 ipsis;
741 3091 845 3167 quippe
859 3103 901 3150 ter
915 3102 944 3150 et
956 3103 1054 3168 quater

473 3174 561 3230 Auno
574 3171 699 3226 revisens
714 3190 808 3245 aequor
822 3172 999 3229 Atlanticum

511 3247 644 3327 Impune.
658 3278 675 3312 x
686 3248 736 3306 Me
749 3259 868 3324 pascant
887 3250 978 3322 olivae,

551 3332 601 3389 Me
615 3328 756 3399 cichorea,
770 3328 902 3402 levesque
917 3329 1022 3386 malvae.

473 3409 543 3468 Frui
556 3408 660 3486 paratis
673 3418 702 3464 et
716 3407 808 3464 valido
822 3409 902 3477 mihi,

473 3489 574 3564 Latoe,
589 3490 687 3558 dones,
701 3496 739 3557 et,
751 3505 860 3561 precor,
875 3488 987 3563 integra

512 3568 588 3628 Cum
601 3578 697 3625 mente
705 3585 712 3636 ;
733 3585 788 3623 nec
801 3577 911 3642 turpem
927 3575 1071 3624 senectam

551 3647 673 3725 Degere,
687 3665 741 3704 nec
755 3645 866 3703 cithara
881 3657 1034 3704 carentem.

1104 3725 1107 3750 l

1084 3714 1113 3828 it

1261 3647 1303 3701 20
