3084 4900
545 602 751 652 sannarum
769 601 835 671 me.
853 603 889 651 11.
906 604 931 651 2.

284 744 411 804 Incutiat
423 744 474 804 tibi
488 746 556 822 quid
570 755 733 803 sanctarum
747 745 861 803 inscitia
873 745 980 821 legum,

284 825 316 882 si
330 826 404 882 mala
417 825 578 883 condiderit
592 825 622 882 in
636 843 719 900 quem
733 826 797 900 quis
809 823 947 897 carmina,
959 824 1006 900 jus
1019 834 1063 883 est

283 902 494 980 iudiciumque.

661 1050 806 1085 nonestus.

598 1136 677 1211 Esto,
692 1137 716 1195 si
729 1138 793 1214 quis
806 1137 897 1207 msla;
918 1138 970 1196 sed
983 1136 1058 1196 bone
1071 1135 1172 1213 siquis

281 1217 300 1275 J
303 1217 386 1274 udice
399 1217 559 1275 condiderit
572 1217 702 1275 laudatus
716 1218 842 1289 Caesare,
853 1217 877 1273 si
891 1217 954 1292 quis

280 1296 447 1373 Opprobriis
460 1298 579 1373 dignum
593 1296 743 1368 latraverit,
757 1296 868 1374 integer
882 1296 965 1373 ipsel
1190 1292 1232 1352 85

652 1445 814 1478 waubertus.

281 1530 431 1589 Solventur
444 1531 502 1588 risu
516 1531 638 1601 tabulae;
659 1542 691 1588 tu
704 1531 807 1588 missus
821 1530 919 1589 abibis.

626 1886 784 1946 SATIRA
805 1885 846 1944 Il.

280 2007 360 2069 Qum
374 2007 462 2064 virtus
475 2016 504 2063 et
514 2015 629 2082 quanta,
644 2005 722 2077 boni,
737 2006 773 2064 sit
787 2006 879 2064 vivere
893 2027 988 2083 parvo,

278 2085 345 2144 Nec
358 2106 439 2143 meus
450 2085 497 2143 hic
511 2104 603 2143 sermo
617 2096 669 2157 est,
684 2086 733 2141 sed
748 2105 811 2161 quae
825 2088 959 2164 praecepit
972 2088 1084 2147 Ofellus

278 2164 427 2238 Rusticus,
442 2164 584 2223 abnormis
598 2165 710 2240 sapiens
724 2166 875 2241 crassaque
889 2165 1031 2241 Minerrd,

277 2242 397 2317 Discite,
411 2264 467 2302 non
483 2245 555 2301 inter
568 2244 665 2301 lances
679 2263 847 2321 mensasque
860 2247 994 2319 nitentes,

277 2322 378 2384 Quum
392 2333 485 2399 stupet
498 2324 606 2381 insanis
620 2324 696 2381 acies
710 2324 876 2401 fulgoribus,
890 2337 920 2383 et
932 2344 1020 2402 quum
1208 2328 1229 2385 5

277 2402 409 2461 Acclinis
423 2402 499 2461 salsis
513 2404 625 2461 animus
638 2402 756 2461 meliora
769 2415 899 2476 recusat;

277 2480 388 2542 Verdm
401 2481 449 2539 hic
464 2483 598 2558 impransi
612 2500 725 2539 mecum
739 2482 996 2558 disquirite-Cur
1009 2485 1129 2544 hocl-

276 2559 391 2634 Dicam,
403 2562 426 2618 si
437 2572 543 2637 potero.
576 2558 655 2617 Male
669 2580 768 2618 verum
782 2562 926 2620 examinat
938 2563 1031 2622 omnis

277 2639 435 2717 Corruptus
446 2640 542 2715 judex.
577 2639 717 2715 Leporem
732 2650 867 2712 sectatuS,
882 2660 991 2716 equove

277 2717 384 2777 Lassus
397 2718 433 2777 ab
444 2717 592 2790 indomito,
606 2718 660 2787 vel,
665 2718 688 2773 si
703 2718 838 2776 Romana
851 2719 950 2796 fatigat
1191 2721 1230 2780 10

276 2795 383 2856 Militia
395 2807 540 2856 assuetum
554 2797 682 2873 graeoari,
696 2816 746 2853 seu
760 2798 819 2874 pila
831 2799 924 2871 velox,

277 2874 407 2936 Molliter
420 2886 565 2933 austerum
579 2877 671 2934 studio
686 2876 800 2934 fallente
815 2877 950 2951 laborem,

278 2956 337 3013 Seu
350 2967 379 3013 te
392 2956 489 3013 discus
502 2957 576 3032 agit;
597 2966 662 3031 pete
676 2956 827 3014 dedentem
842 2962 910 3015 aera
922 2959 1019 3017 disco:

276 3034 377 3096 Quum
390 3035 469 3092 labor
482 3035 622 3109 entuderit
636 3035 756 3106 fastidia,
772 3036 875 3109 siccus,
890 3037 993 3108 inanis,

278 3114 389 3189 Sperne
403 3114 498 3170 cibum
513 3115 614 3184 vilem3
635 3114 691 3170 nisi
706 3113 853 3189 Hymettia
867 3117 953 3174 mella
966 3117 1091 3175 Falerno
1190 3117 1228 3174 15

277 3190 326 3248 Ne
341 3192 444 3249 biberis
457 3192 554 3249 diluta.
570 3190 653 3251 Foris
666 3204 709 3250 est
721 3212 847 3269 promus,
862 3207 891 3253 et
904 3206 997 3254 atrurn

276 3268 443 3328 Defendens
457 3271 550 3347 pisces
564 3272 670 3328 hiemat
683 3290 779 3343 mare3
800 3293 867 3330 cum
883 3275 941 3332 sale
953 3275 1037 3352 panis

276 3349 442 3406 Latrantem
456 3351 632 3407 stomachum
645 3352 717 3407 bene
731 3352 827 3410 leniet.
857 3353 941 3410 Unde
952 3365 1047 3430 putas,
1059 3363 1109 3412 aut

277 3426 340 3490 Qut
354 3431 485 3504 partuml
519 3429 587 3486 Non
602 3430 632 3486 in
646 3448 713 3487 caro
726 3432 826 3489 nidore
840 3432 968 3508 voluptas

277 3509 406 3579 Summa,
421 3509 470 3565 sed
484 3508 514 3564 in
528 3518 557 3565 te
571 3507 631 3583 ipso
646 3519 697 3565 est.
731 3508 781 3564 Tu
794 3510 983 3584 pulmentaria
995 3529 1090 3587 quaere
1187 3509 1227 3570 2⁰

277 3587 431 3644 Sudando:
452 3588 588 3663 pinguem
603 3587 678 3644 vitiis
692 3587 844 3662 albumque
857 3607 913 3644 nec
927 3599 1029 3661 ostrea,

275 3664 341 3722 Nec
355 3684 461 3738 scarus,
475 3677 524 3723 aut
536 3666 638 3742 poterit
651 3666 801 3741 peregrina
811 3666 910 3741 juvare
922 3667 1022 3744 lagois.

276 3744 334 3801 Vix
346 3754 442 3801 tamen
456 3745 584 3820 eripiam,
598 3745 690 3821 posito
703 3764 823 3821 pavone,
838 3745 907 3802 velis
920 3747 990 3822 quin

277 3823 343 3880 Hoc
355 3821 459 3899 potibs,
474 3822 560 3898 quim
573 3823 688 3900 gallina,
703 3836 814 3900 tergere
827 3825 962 3901 palatum,

276 3902 435 3977 Corruptus
451 3903 530 3959 vanis
545 3922 655 3973 rerum3
676 3904 743 3980 quia
757 3915 858 3961 veneat
871 3923 941 3963 auro
1111 3942 1114 3947 ‹
1187 3904 1229 3964 25

276 3980 356 4038 Rara
370 3982 437 4051 avis,
451 3993 481 4038 et
493 3983 570 4057 picta
583 3985 689 4058 pandat
702 3984 865 4059 spectacula
878 3983 979 4042 caudit.
1023 4016 1025 4019 ·

277 4059 430 4134 Tanquam
445 4062 480 4117 ad
495 4080 555 4117 rem
569 4063 688 4120 attineat
701 4063 863 4139 quidquam.
905 4062 986 4121 Num
999 4061 1122 4120 vesceris
1134 4060 1190 4122 isti

275 4139 375 4202 Quam
389 4139 488 4197 laudas
501 4139 618 4216 plumdl
639 4153 755 4200 coctove
769 4162 839 4199 num
853 4143 934 4200 adest
948 4143 1038 4200 bonor
1051 4141 1149 4201 ideml
