3084 4900
526 623 726 671 cartularum
743 622 810 671 LIB.
829 622 849 669 l.

598 844 682 903 ODE
694 846 781 904 VIII.

547 981 587 1020 An
601 982 830 1023 'rnfflarronura

354 1082 451 1141 Vrnns
466 1091 497 1140 ut
510 1081 569 1140 altri
582 1091 637 1139 stet
650 1082 719 1140 nive
729 1083 885 1141 candidum

355 1163 483 1235 Soracte,
496 1180 551 1218 nec
559 1160 619 1236 jam
633 1162 793 1219 sustineant
805 1181 879 1220 onus

395 1240 478 1298 Silvae
492 1241 661 1313 laborantes,
676 1241 799 1316 geluque

433 1318 567 1376 Flumina
580 1320 758 1376 constiterint
772 1330 865 1378 acuto.

353 1398 483 1457 Dissolve
497 1397 594 1473 frigus,
608 1398 685 1473 ligna
699 1418 783 1475 super
797 1399 862 1457 scco

353 1475 447 1554 Largo
462 1497 617 1553 reponens3
638 1490 722 1553 atque
737 1476 890 1553 benignius

392 1558 533 1632 Deprome
546 1557 724 1630 quadrimum
740 1558 858 1628 Sabina,

430 1635 459 1693 Ο
473 1635 656 1709 Thaliarche,
671 1655 781 1693 merum
795 1636 882 1694 diod.

354 1715 488 1773 Permitte
502 1715 574 1771 divis
588 1725 706 1772 cetera:
727 1716 776 1789 qui
790 1714 874 1772 simul

355 1792 486 1852 Stravdre
500 1803 600 1849 ventos
613 1812 725 1867 aequore
740 1794 847 1875 fervido

393 1871 611 1947 Deproeliantes,
624 1890 680 1927 nec
694 1872 830 1945 cupressi,

432 1950 498 2007 Nec
512 1960 620 2006 veteres
634 1950 777 2025 agitantur
791 1949 862 2007 orni.

354 2030 435 2092 Quid
450 2029 486 2088 sit
501 2028 625 2086 futurum
640 2049 712 2102 oras,
728 2030 794 2105 fuge
808 2036 933 2105 quaerere
942 2047 950 2101 3
970 2040 1000 2088 et

352 2111 450 2173 Quem
464 2128 524 2166 sors
538 2108 649 2165 dierum
663 2128 776 2184 cunque
791 2110 878 2182 dabit,
892 2109 973 2168 lucro

392 2191 531 2264 Appone:
553 2206 607 2244 nec
622 2189 720 2245 dulces
734 2189 888 2246 Camoenas

433 2269 542 2343 Sperne
556 2287 636 2343 puer,
651 2287 742 2342 neque
756 2279 787 2326 tu
802 2269 921 2326 choreas
929 2287 937 2338 ;

350 2348 451 2405 Donec
462 2347 562 2403 virenti
576 2348 695 2403 canities
709 2347 789 2404 abest

352 2426 475 2485 Morosa.
516 2424 547 2481 N
549 2444 606 2483 unc
620 2436 648 2483 et
662 2444 790 2502 campus,
805 2436 834 2485 et
847 2428 932 2499 areae,

392 2506 541 2580 Lenesque
556 2506 608 2561 sub
622 2518 734 2562 noctem
750 2507 867 2579 susurri,

433 2584 598 2658 Composita
611 2595 774 2658 repetantur
788 2585 864 2641 hora.

610 2896 693 2954 ODE
708 2897 763 2956 IX.

562 3035 602 3074 AD
616 3037 808 3077 mancunium.

353 3137 509 3206 Manconr,
524 3136 647 3193 facunde
660 3156 749 3211 nepos
763 3137 898 3211 Atlantis,

352 3218 415 3280 Qui
430 3217 503 3274 feros
517 3216 609 3272 cultus
624 3217 770 3273 hominum
785 3217 934 3275 recentum

352 3297 433 3355 Voce
448 3295 573 3352 formasti
587 3306 677 3367 catus,
692 3307 721 3352 et
735 3297 846 3354 docorae

510 3374 592 3432 More
606 3375 759 3449 palaestrae3

353 3454 400 3511 'I'e
414 3473 526 3525 canam,
541 3454 638 3529 magni
652 3453 669 3509 J
672 3455 731 3511 ovis
746 3465 775 3511 et
788 3455 906 3512 deorum

352 3532 506 3604 Nuntium,
521 3552 669 3606 curvaeque
683 3534 750 3607 lyrae
764 3545 927 3608 parentem

353 3613 509 3682 Callidum,
523 3610 659 3685 quidquid
673 3611 791 3685 placuit,
802 3611 901 3686 jocoso

511 3689 643 3746 Condere
658 3690 740 3747 furto.

354 3770 411 3843 Te,
425 3771 510 3827 boves
523 3769 591 3827 olim
605 3769 660 3826 nisi
674 3770 847 3827 reddidisses

354 3850 409 3907 Per
424 3850 519 3907 dolum
533 3859 652 3920 amotas,
666 3868 785 3925 puerum
800 3849 906 3908 minaei

352 3929 433 3988 Voce
447 3930 515 3986 dum
530 3939 625 4000 terret,
639 3928 740 3984 viduus
753 3929 886 4004 pharetra

477 4006 481 4015 '
511 4008 589 4065 Risit
602 4007 714 4082 Apollo.
833 4070 835 4073 ¹

352 4087 435 4148 Quin
456 4097 485 4145 et
499 4088 625 4159 Atridas,
640 4089 713 4144 duce
728 4098 766 4157 te,
781 4086 928 4163 superbos,

354 4167 409 4225 llio
422 4167 501 4224 dites
515 4167 644 4224 Priamus
658 4167 767 4240 relict0,
