3084 4900
516 622 722 671 sarrnrnuu
742 623 808 671 arn.
827 625 848 671 1.
866 625 889 672 a.
1140 633 1199 691 105

200 835 204 840 ,
245 768 379 845 Namque
393 779 436 826 est
450 767 506 840 ille,
520 777 600 843 pater
614 767 763 842 quoderat
777 767 974 827 meus-Hoc
987 770 1039 829 tibi
1053 770 1159 830 Paulus

246 848 285 906 Et
300 847 424 905 Messala
438 847 563 904 viderisl
602 847 643 902 At
657 846 714 917 hic,
728 846 752 902 si
765 846 890 921 plaustra
904 848 1036 922 ducenta,

246 927 482 1001 concurrantque
497 926 556 983 soro
570 925 623 982 tria
637 924 746 996 funera,
761 944 866 1000 magna
879 928 999 999 sonabit,

246 1006 365 1063 Cornua
377 1003 453 1081 qudd
467 1006 617 1079 vincatque
630 1004 732 1062 tubas:
754 1004 854 1061 saltem
868 1015 947 1062 tenet
961 1007 1015 1064 hoc
1029 1028 1089 1066 nos.

287 1084 375 1141 Nunc
389 1086 425 1141 ad
440 1102 486 1140 me
500 1084 595 1155 redeo,
610 1082 742 1141 libertino
755 1093 835 1159 patro
849 1097 965 1142 natum:
1158 1089 1198 1146 45

245 1163 346 1225 Quem
359 1164 463 1221 rodunt
476 1181 575 1220 omnes
589 1162 721 1220 libertino
734 1174 814 1238 patre
829 1174 946 1234 natum;

246 1243 345 1315 Nunc,
359 1242 435 1317 quia,
450 1240 605 1314 Maecenas,
619 1242 670 1298 tibi
684 1261 747 1298 sum
762 1242 926 1313 convictor;
946 1254 975 1301 at
988 1244 1065 1319 olim,

246 1319 338 1383 Quod
353 1321 421 1378 mihi
436 1332 546 1397 pareret
559 1321 633 1398 legio
647 1321 782 1379 Romana
795 1322 917 1380 tribuno.

247 1400 393 1458 Dissimile
408 1402 463 1458 hoc
477 1401 517 1457 illi
530 1411 589 1457 est:
611 1400 759 1475 quianon,
774 1415 806 1457 ut
820 1401 898 1458 forsit
912 1402 1048 1461 honorem

246 1480 265 1536 J
269 1499 318 1537 ure
332 1480 402 1537 mihi
416 1479 541 1537 invideat
554 1478 655 1554 quivis,
669 1482 749 1537 itate
763 1499 874 1556 quoque
888 1482 1029 1553 amicum;
1156 1484 1198 1542 50

247 1559 407 1617 Praesertim
422 1569 537 1617 cautum
552 1559 654 1634 dignos
667 1578 821 1631 assumere,
835 1561 922 1635 prava

248 1638 415 1699 Ambitione
428 1638 536 1713 procul.
579 1637 705 1695 Felicem
721 1637 818 1695 dicere
832 1657 889 1696 non
904 1640 960 1696 hoo

248 1717 298 1775 Me
312 1737 437 1793 possum,
452 1736 520 1773 casu
534 1714 611 1792 qudd
625 1727 653 1773 te
667 1717 782 1774 sortitus
795 1718 939 1787 amicum;

248 1797 338 1854 Nulla
350 1797 456 1854 etenim
471 1795 522 1852 tibi
537 1814 583 1851 me
598 1795 654 1852 fors
667 1795 785 1851 obtulit:
806 1797 930 1870 optimus
944 1796 1012 1855 olim

247 1875 395 1953 Virgilius,
409 1875 561 1951 posthunc
575 1873 689 1945 Varius,
704 1871 803 1930 dixdre
817 1874 885 1949 quid
898 1894 1000 1932 essem.
1156 1878 1197 1936 55

247 1955 287 2013 Ut
299 1955 366 2012 veni
379 1952 486 2026 corlm,
500 1952 647 2029 singultim
660 1971 752 2028 pauca
765 1953 887 2026 locutus,

247 2033 349 2092 Infans
362 2052 485 2109 namque
498 2032 589 2108 pudor
603 2031 770 2108 prohibebat
783 2033 865 2107 plura
877 2033 992 2109 profari,

246 2114 316 2171 Non
330 2132 384 2189 ego
398 2131 444 2170 me
458 2112 535 2169 claro
548 2122 646 2168 natum
660 2122 749 2186 patre,
763 2130 822 2168 non
836 2131 890 2188 ego
903 2112 1013 2170 circum

246 2191 298 2249 Me
314 2191 482 2249 Satureiano
495 2191 600 2247 vecbari
614 2210 681 2248 rura
694 2191 813 2263 caballo,

247 2271 317 2344 Sed,
331 2272 405 2347 quod
419 2290 507 2344 eram,
521 2290 613 2328 narro
654 2270 837 2345 Respondes,
851 2281 883 2328 ut
896 2281 963 2329 tuus
976 2282 1021 2330 est
1033 2291 1104 2346 mos,
1157 2273 1198 2332 60

246 2349 362 2408 Pauca:
383 2351 470 2421 abeo;
492 2361 520 2407 et
534 2368 649 2407 revocas
663 2368 739 2406 nono
752 2347 818 2424 post
828 2369 937 2423 meuse,
949 2351 1088 2429 jubesque

246 2429 319 2489 Esse
333 2430 363 2488 in
378 2430 533 2488 amicorum
547 2447 675 2486 numero.
717 2426 858 2505 Magnum
873 2430 928 2488 hoc
941 2450 996 2507 ego
1009 2432 1094 2506 duco,

246 2507 338 2571 Quod
351 2510 446 2586 placui
460 2508 521 2581 tibi,
535 2508 583 2584 qui
597 2507 671 2583 turpi
686 2509 813 2564 secernis
827 2508 988 2583 honestum,

197 2591 201 2608 '
245 2588 277 2648 N
279 2608 317 2647 on
330 2600 409 2665 patre
422 2588 567 2665 preclaro,
582 2588 631 2643 sed
646 2586 703 2642 vital
716 2597 745 2642 et
759 2596 875 2661 pectore
888 2606 967 2662 puro.

286 2668 387 2744 Atqui,
402 2668 425 2724 si
441 2667 515 2723 vitiis
529 2665 720 2722 mediocribus
734 2682 768 2720 ac
782 2683 846 2721 mea
859 2666 959 2740 paucis
1158 2669 1198 2727 65

246 2745 388 2805 Mendosa
401 2757 445 2803 est
458 2756 569 2816 natura,
583 2743 686 2818 alioqui
701 2754 788 2815 recta,
803 2742 879 2800 velut
892 2744 916 2801 si

245 2825 372 2903 Egregio
385 2825 527 2900 inspersos
537 2821 692 2899 reprendas
706 2841 824 2897 corpore
838 2841 947 2893 naevos3

246 2907 279 2964 Si
292 2924 385 2981 neque
400 2903 553 2975 avaritiam,
568 2920 660 2978 neque
674 2901 781 2974 sordes,
795 2921 850 2958 nec
864 2903 939 2960 mala
951 2903 1049 2976 lustra,

245 2985 373 3061 Objiciet
386 2981 451 3040 ver&
466 2983 613 3058 quisquam
628 2981 713 3050 mihi3
734 3000 822 3056 purus
832 2992 861 3039 et
875 2981 972 3041 insons

247 3062 302 3138 (Ut
314 3081 361 3121 me
374 3062 549 3152 collaudem)
565 3061 589 3118 si
603 3061 674 3133 vivo,
689 3071 718 3117 et
732 3079 816 3118 carus
831 3061 947 3120 amicis:
1159 3064 1199 3122 7⁰

246 3143 343 3200 Causa
357 3142 409 3199 fuit
418 3152 498 3217 pater
513 3142 566 3212 his,
581 3139 630 3215 qui
645 3159 741 3196 macro
754 3158 861 3216 pauper
875 3141 967 3217 agello

245 3222 350 3280 Noluit
362 3221 393 3278 in
408 3219 489 3278 Flavi
503 3221 602 3277 ludum
617 3237 662 3276 me
676 3219 799 3290 mittere,
814 3221 911 3296 magui

246 3298 318 3363 Qud
332 3300 413 3376 pueri
426 3299 537 3375 magnis
552 3317 569 3355 e
582 3297 798 3356 centurionibus
811 3299 875 3371 orti,

245 3380 332 3438 Laevo
345 3378 476 3455 suspensi
489 3377 597 3435 loculos
611 3376 922 3452 tabulamquetacerm,

246 3458 333 3516 Ibant
341 3457 452 3519 octonis
465 3457 620 3514 referentes
634 3456 727 3512 idibus
741 3473 806 3512 aera.
1160 3458 1200 3516 75

246 3538 305 3596 Sed
318 3555 438 3613 puerum
451 3546 495 3592 est
508 3553 593 3591 ausus
607 3534 731 3591 Romam
746 3543 867 3608 portare,
879 3534 1041 3592 docendum

246 3618 334 3675 Artes
347 3634 417 3692 quas
431 3615 533 3672 doceat
546 3612 637 3688 quivis
650 3631 738 3686 eques
752 3621 835 3685 atque
849 3624 962 3670 senator

246 3698 345 3754 Semet
358 3703 529 3772 prognatos:
549 3702 657 3748 vestem
671 3708 821 3765 servosque
835 3702 987 3766 sequentes

246 3776 282 3833 In
296 3793 401 3851 magno
413 3783 445 3830 ut
457 3770 562 3849 populo
576 3771 599 3827 si
613 3770 676 3845 quis
690 3769 814 3840 vidisset,
828 3769 904 3827 aviti

245 3854 292 3912 Ex
305 3873 335 3911 re
348 3852 467 3929 praeberi
482 3861 611 3926 sumptus
624 3849 693 3907 mihi
709 3850 838 3905 crederet
851 3848 921 3906 illos.

231 3927 312 4010 'Ipse
327 3932 394 3989 mihi
410 3940 506 3988 custos
520 3928 780 4004 incorruptissimus
793 3947 893 3986 omnes

245 4010 365 4071 Circum
379 4011 508 4069 doctores
522 4009 627 4065 aderat.
661 4008 743 4069 Quid
757 4007 866 4064 multal
886 4006 1033 4083 pudicum,

244 4092 307 4155 Qui
321 4091 429 4167 primus
443 4088 553 4145 virtutis
567 4089 667 4159 honos,
681 4087 802 4145 servavit
815 4086 852 4145 ab
863 4086 943 4144 omni

244 4171 313 4230 Non
328 4167 420 4229 solbm
436 4167 520 4240 sacto,
533 4163 633 4233 verbm
646 4165 796 4242 opprobrio
808 4183 921 4242 quoque
931 4163 1023 4243 turpi:
