3084 4900
549 611 756 661 SATIRARUM
774 611 840 660 LIB.
858 610 880 659 1.
897 612 921 659 9.

278 756 452 816 Abdiderint
465 755 561 814 furtim
575 756 676 829 terris3
697 767 726 814 et
740 755 865 832 imagine
876 753 961 814 cerea

278 836 397 913 Largior
411 836 512 895 arserit
525 835 618 912 iguis3
639 847 668 896 et
682 847 785 893 utnon
798 834 879 893 testis
892 835 1000 894 inultus

278 916 448 976 Horruerim
462 934 545 974 voces
558 914 709 973 Furiarum
724 926 753 972 et
767 915 842 973 lacta
855 915 994 973 duaruml

278 995 366 1068 Nam,
380 995 504 1070 displosa
517 1005 599 1052 sonat
611 991 750 1070 quantiam
764 994 870 1066 vesica,
884 993 990 1071 pepedi
1190 992 1231 1051 45

278 1074 396 1132 Diffissri
409 1085 475 1131 nate
490 1073 577 1143 licus;
598 1083 627 1130 at
641 1074 696 1131 illae
707 1092 822 1131 currere
836 1073 867 1131 iu
881 1074 1000 1130 urbem:

277 1153 410 1210 Canidiae
424 1155 534 1225 dentes,
548 1154 637 1210 altum
651 1153 773 1229 Saganae
787 1152 965 1214 caliendrum

278 1232 432 1305 Excidere,
446 1243 529 1307 atque
543 1233 655 1304 herbas,
670 1243 754 1308 atque
768 1233 915 1291 incantata
927 1230 1041 1289 lacertis

279 1310 413 1384 Vincula,
428 1330 494 1368 curn
509 1330 614 1389 magno
627 1312 741 1388 risuque
753 1312 874 1389 jocoque
889 1311 1008 1370 videres.

621 1666 779 1725 SATIRA
801 1667 856 1726 IX.

279 1788 360 1847 lusu
374 1785 445 1847 sorte
460 1786 507 1845 viia
522 1785 622 1859 Sacri,
636 1784 711 1844 sicut
724 1804 806 1844 meus
819 1798 863 1844 est
875 1807 946 1861 rnos,

279 1868 389 1926 Nescio
402 1867 470 1942 quid
484 1866 624 1923 meditans
638 1884 789 1941 nugarum,
803 1877 880 1924 totus
893 1867 924 1924 in
938 1867 1007 1925 illis:

279 1947 416 2005 Accurrit
428 1946 543 2021 quidam
557 1955 642 2002 notus
656 1944 726 2001 mihi
740 1946 857 2003 nomine
871 1944 1001 2017 tantirm3

280 2027 459 2102 Arreptdque
473 2043 577 2082 manu:
599 2025 709 2085 “Quid
725 2025 796 2099 agis,
811 2026 986 2098 dulcissime,
999 2044 1095 2083 rerum
1104 2027 1135 2083 l''

280 2106 449 2178 “,Suaviter,
463 2116 494 2162 ut
515 2123 593 2161 nuno
614 2104 684 2175 est,'’
700 2104 832 2179 inquam3
855 2110 873 2135 “
895 2114 925 2163 et
945 2104 1031 2183 cupio
1050 2107 1147 2165 omnia
1167 2126 1231 2182 qua

358 2184 427 2241 vis.”
1210 2188 1231 2244 5

278 2264 380 2326 Quum
395 2274 592 2335 assentaretur,
614 2261 725 2319 “Num
739 2262 808 2339 quid
822 2264 902 2321 visl’'
917 2282 1037 2340 occupo.
1078 2266 1121 2323 At
1133 2265 1190 2338 ille,

279 2348 298 2374 “
314 2340 403 2400 Nbris
417 2345 497 2415 noe,”
513 2343 603 2418 inquit
612 2363 619 2411 ;
641 2342 748 2400 “docti
763 2344 889 2399 sumus.’'
924 2342 985 2400 Hic
998 2362 1062 2419 ego,
1077 2345 1200 2402 “Pluris

279 2423 373 2495 Hoc,''
390 2423 515 2498 inquam,
537 2427 554 2453 “
568 2422 638 2479 mihi
653 2421 736 2479 eris.”
772 2421 882 2479 Misere
899 2421 1047 2481 discedere
1062 2442 1202 2500 quarens,

278 2502 326 2560 Ire
340 2500 425 2560 modo
439 2499 530 2574 osilia,
542 2502 684 2559 interdum
699 2502 865 2574 consistere,
876 2501 906 2557 in
921 2520 1018 2559 aurem

279 2582 385 2639 Dicere
399 2582 497 2639 nescio
510 2581 577 2654 quid
592 2599 687 2656 puero.
722 2580 823 2640 Quum
839 2580 924 2637 sudor
938 2581 974 2638 ad
988 2581 1060 2639 imos
1194 2584 1230 2640 10

279 2659 412 2718 Manaret
425 2661 514 2717 talos:
538 2664 555 2689 ‘⁴
568 2659 597 2715 Ο
611 2671 648 2729 te,
663 2658 781 2731 Bolane,
797 2657 906 2715 cerebri

279 2739 407 2797 Felicem
417 2740 443 2795 !’'
466 2738 575 2795 aiebam
591 2739 702 2795 tacitus.
737 2737 840 2798 Quum
853 2737 992 2811 quidlibet
1005 2737 1053 2796 ille

278 2819 416 2890 Garriret,
430 2818 517 2888 vicos,
532 2817 631 2873 urbem
645 2817 787 2886 laudaret;
809 2827 841 2873 ut
854 2816 895 2874 illi

278 2897 329 2955 Nil
343 2897 566 2973 respondebam:
589 2901 606 2926 “
620 2892 726 2952 Misere
741 2896 851 2972 cupis,’'
866 2894 967 2970 inquit,
989 2899 1007 2926 ‘⁴
1023 2895 1111 2971 abire,

279 2977 297 3034 J
300 2977 454 3034 arndudurn
469 2976 567 3033 video:
589 2976 639 3031 sed
654 2976 693 3032 nil
710 2975 786 3051 agis;
808 2994 897 3050 usque
911 2975 1024 3046 tenebo,
1193 2979 1230 3035 15

279 3057 445 3130 Persequar.
474 3054 554 3112 Hinc
568 3052 624 3129 qud
639 3074 717 3112 nunc
731 3056 784 3112 iter
799 3066 842 3112 est
855 3055 906 3111 tibi
915 3054 945 3111 l'’
968 3059 986 3085 “
997 3054 1048 3114 Nil
1061 3074 1133 3132 opus
1146 3066 1189 3114 est
1200 3068 1228 3114 te

278 3135 463 3210 Circumagi:
483 3135 625 3209 quendam
640 3135 702 3192 volo
716 3135 815 3206 visere,
830 3153 887 3191 non
901 3132 953 3191 tibi
966 3143 1084 3192 notum:

279 3215 376 3272 Trans
388 3213 519 3271 Tiberim
532 3212 619 3289 longe
634 3215 720 3270 cubat
733 3214 767 3285 is,
781 3232 868 3289 prope
883 3213 1006 3271 Caesaris
1020 3215 1143 3273 hortos.'’

280 3293 358 3351 “Nil
372 3294 464 3352 habeo
481 3293 557 3369 quod
578 3312 671 3369 agam,
686 3305 714 3351 et
735 3313 793 3351 non
814 3310 877 3349 sum
897 3293 996 3370 piger,
1018 3311 1108 3369 usque
1128 3311 1229 3367 sequar

357 3374 413 3430 ten„

279 3453 406 3510 Demitto
420 3450 572 3524 auriculas,
586 3460 619 3508 ut
631 3451 735 3526 iniquae
750 3451 855 3508 mentis
869 3451 982 3523 asellus,
1188 3453 1229 3510 20

278 3533 379 3594 Quum
393 3531 507 3607 gravius
520 3531 603 3589 dorso
617 3531 703 3586 subiit
716 3549 798 3587 onus.
833 3530 939 3606 lncipit
953 3529 1016 3589 ille:

279 3617 297 3642 “
311 3612 343 3669 Si
357 3612 430 3669 bene
444 3628 490 3667 me
504 3610 579 3680 novi,
593 3628 651 3666 non
665 3609 785 3665 Viscum
798 3608 887 3684 pluris
901 3608 1036 3681 amioum,

278 3688 347 3749 Non
362 3690 491 3761 Varium,
506 3689 610 3746 facies:
631 3706 698 3745 narn
712 3688 775 3763 quis
789 3707 835 3745 me
849 3687 974 3745 scribere
987 3688 1084 3764 plures

278 3772 340 3827 Aut
349 3768 439 3834 ,citius
451 3769 538 3844 possit
553 3769 670 3825 versusl
690 3768 753 3840 quis
767 3767 895 3824 membra
908 3786 1021 3826 movere

278 3847 415 3908 Mollibsl
437 3848 561 3906 invideat
574 3847 649 3923 quod
662 3859 692 3905 et
707 3846 915 3923 Hermogenes,
929 3866 983 3923 ego
996 3847 1109 3906 canto.”
1188 3847 1229 3906 25

318 3927 524 4004 Interpellandi
537 3928 617 3986 locus
631 3925 679 3984 hic
693 3938 769 3984 erat:
792 3931 810 3957 “
823 3926 876 3985 Est
888 3927 941 3985 tibi
954 3938 1054 3999 mater,

278 4007 414 4084 Cognati,
428 4008 509 4083 queis
523 4005 557 4065 te'
565 4008 641 4065 salvo
655 4018 698 4064 est
710 4026 783 4083 opus
791 4008 820 4064 l'’
857 4005 944 4064 Haud
959 4005 1029 4064 mibi
1042 4006 1206 4084 quisquam3

277 4087 389 4146 Omnes
402 4088 578 4162 composui.''
601 4092 619 4117 “
631 4085 763 4144 Felices!
786 4104 865 4143 nuno
879 4105 933 4162 ego
946 4096 1037 4144 resto:

277 4167 418 4239 Conlioe3
439 4185 562 4304 namqp⁰e
577 4166 662 4225 instat
677 4166 766 4241 saturn
781 4166 850 4223 mihi
863 4166 954 4239 triste,
970 4165 1085 4224 Sabella
