3084 4900
595 608 802 682 snmeRUM
819 610 885 658 LIB.
903 610 939 660 11.
956 614 981 661 3.

328 755 432 815 Invisis
446 755 571 814 foribusl
612 754 679 812 ‘Ne
693 772 787 826 nunc,
796 774 883 830 quum
897 774 943 811 me
958 765 1040 814 vocat
1050 753 1133 828 ultro,

328 836 476 893 Accedam
488 838 500 891 l
521 855 558 892 an
571 833 665 911 potius
679 836 799 892 mediter
813 834 894 891 finire
909 834 1041 893 doloresl

328 914 468 987 Exclusit,
482 924 611 972 revocat:
632 915 771 972 redeant
793 932 861 982 non,
876 913 901 969 si
913 913 1062 971 obsecret!
1104 913 1183 972 Ecce

330 996 444 1065 Servus,
459 1013 516 1051 non
530 990 616 1069 paulb
630 993 800 1070 sapientior:
822 991 869 1048 ‘O
883 992 960 1064 here,
975 1011 1037 1068 quae
1046 1011 1092 1050 res

328 1073 394 1130 Nec
408 1074 523 1129 modum
538 1073 632 1145 habet,
647 1091 739 1147 neque
752 1071 915 1143 consilium,
929 1072 1039 1130 ratione
1052 1072 1195 1147 modoque
1219 1072 1279 1131 265

329 1152 460 1209 Tractari
474 1171 532 1208 non
547 1151 612 1209 vult.
655 1149 691 1208 In
705 1171 801 1211 amore
815 1151 878 1210 haec
891 1162 958 1208 sunt
971 1150 1062 1221 mala;
1083 1150 1200 1226 bellum,

328 1231 389 1288 Pax
402 1250 513 1287 rursum
527 1250 533 1287 ε
554 1232 617 1287 haec
631 1230 654 1287 si
667 1231 740 1305 quis,
754 1229 930 1306 tempestatis
942 1227 1030 1307 prope
1044 1230 1102 1288 ritu

330 1310 449 1368 Mobilia
462 1320 491 1367 et
504 1310 582 1366 caecd
597 1309 736 1368 fluitantia
749 1322 834 1381 sorte,
848 1309 956 1367 laboret

328 1389 464 1447 Reddere
478 1400 555 1446 certa
569 1389 632 1460 sibi,
646 1388 736 1448 nihilo
749 1392 814 1467 plus
826 1388 949 1464 explicet
962 1388 1034 1446 acsi

328 1467 458 1524 Insanire
471 1478 551 1543 paret
564 1468 643 1533 certa
656 1469 765 1527 ratione
779 1468 936 1542 modoque)
1220 1467 1279 1527 270

327 1547 429 1608 Quidl
449 1566 545 1621 quum,
560 1547 674 1604 Picenis
688 1566 845 1625 excerpens
858 1548 967 1605 semina
980 1546 1081 1622 pomis,

328 1626 444 1683 Gaudes
459 1626 482 1683 si
496 1645 638 1682 cameram
652 1627 777 1702 percdsti
791 1623 873 1698 forte,
887 1645 976 1702 penes
989 1637 1017 1683 te
1028 1626 1081 1683 esl

327 1706 432 1766 Quidl
452 1723 539 1780 quum
554 1705 637 1762 balba
651 1705 717 1763 seris
731 1726 839 1765 annoso
853 1704 939 1761 verba
950 1705 1054 1781 palato,

329 1784 503 1841 AEdificante
517 1803 598 1840 casas
611 1783 659 1859 qul
674 1785 791 1842 saniorl
832 1784 917 1843 Adde
931 1802 1062 1841 cruorem
1219 1782 1280 1841 274

329 1863 472 1935 Stultitiae,
488 1874 571 1937 atque
585 1862 681 1938 ignem
695 1864 790 1939 gladio
803 1871 938 1920 scrutare.
980 1858 1080 1935 Modo,
1094 1860 1221 1937 iuquam,

330 1942 452 1999 Hellade
466 1942 601 2017 percussit
615 1940 725 1999 Marius
738 1962 824 2018 quum
838 1941 995 2019 praecipitat
1009 1960 1050 2014 se,

330 2022 457 2078 Cerritus
472 2021 544 2078 suitl
565 2040 601 2077 an
616 2033 764 2080 commotae
779 2023 899 2079 crimine
913 2018 1017 2077 mentis

330 2102 468 2158 Absolves
483 2099 637 2172 hominem,
652 2110 680 2158 et
694 2101 809 2158 sceleris
824 2100 972 2158 damnabis
985 2100 1121 2172 eundem,

330 2180 375 2236 Ex
389 2198 466 2236 more
480 2179 629 2255 imponens
643 2193 765 2255 cognata
779 2181 917 2239 vocabula
929 2179 1034 2236 rebusl

330 2259 492 2316 Libertinus
505 2269 574 2330 erat,
589 2260 637 2334 qui
651 2260 760 2318 circum
774 2261 898 2336 compita
911 2260 1007 2318 siccus
1219 2259 1279 2318 280

330 2338 429 2394 Lautis
443 2334 527 2394 mane
542 2358 630 2395 senex
644 2340 776 2397 manibus
789 2341 939 2409 currebat3
960 2350 999 2411 et,
1014 2336 1149 2414 ⁴Unum‚'

328 2417 477 2479 Quiddam
491 2436 627 2494 magnum
641 2418 758 2491 addens,
774 2424 884 2477 ‘unum
898 2438 944 2476 me
958 2418 1064 2494 surpite
1078 2420 1172 2495 morti,

330 2496 384 2554 Dis
397 2497 502 2554 etenim
517 2498 599 2554 facile
613 2499 674 2568 est,'
686 2500 801 2556 orabat:
821 2518 909 2555 sanus
922 2498 1048 2573 utrisque

331 2576 458 2634 Auribus
472 2587 556 2650 atque
569 2576 677 2646 oculis3
699 2588 835 2649 mentem,
849 2578 904 2634 nisi
918 2577 1069 2653 litigiosus,

329 2654 483 2731 Exciperet
494 2654 625 2712 dominus
636 2673 723 2729 quum
735 2657 878 2713 venderet.
911 2656 977 2713 Hoc
987 2674 1098 2733 quoque
1109 2658 1210 2734 vulgus
1219 2659 1279 2717 285

330 2733 505 2809 Chrysippus
518 2733 598 2810 ponit
612 2734 747 2791 foecundd
763 2735 792 2791 in
807 2747 893 2810 gente
904 2732 1034 2791 Meneni.

331 2813 470 2890 ‘Jupiter,
485 2812 616 2887 ingentes
630 2813 678 2887 qui
693 2814 744 2870 das
758 2814 915 2890 adimisque
929 2813 1059 2886 dolores,’

330 2890 424 2949 Mater
438 2893 477 2949 ait
490 2893 571 2967 pueri
584 2911 696 2949 menses
707 2893 766 2969 jam
781 2893 905 2968 quinque
919 2892 1061 2967 cubantis,

330 2971 465 3047 ‘Frigida
479 2972 502 3027 si
515 2991 635 3046 puerum
649 2985 785 3046 quartana
798 2973 950 3049 reliquerit,
965 2971 1014 3030 illo

330 3049 419 3108 Mane
435 3051 481 3107 die
495 3070 550 3125 quo
564 3063 595 3108 tu
609 3051 713 3108 indicis
723 3052 841 3128 jejunia,
856 3053 951 3110 nudus
1219 3054 1279 3112 290

330 3128 366 3186 In
381 3129 481 3186 Tiberi
493 3131 593 3187 stabit!
636 3131 728 3187 Casus
741 3133 905 3190 medicusve
919 3131 1018 3189 levarit
1212 3146 1214 3149 ‘

330 3208 451 3284 AEgrum
466 3228 502 3266 ex
515 3210 661 3285 praecipiti,
676 3222 765 3268 mater
780 3211 869 3269 delira
881 3211 996 3269 necabit

330 3285 366 3343 In
376 3287 471 3364 gelidat
485 3288 572 3344 lixum
586 3289 657 3364 ripa,
672 3290 828 3366 febrimque
842 3291 967 3348 reducet.

328 3367 436 3427 Quone
450 3367 524 3423 malo
537 3380 662 3425 mentem
677 3372 836 3426 concussal
857 3371 958 3427 timore
973 3369 1120 3432 deorumfl’

330 3445 404 3502 Haec
418 3445 488 3502 mihi
503 3446 666 3518 Stertinius,
681 3449 839 3523 sapientium
854 3459 980 3519 octavus,
995 3449 1089 3507 amico
1218 3446 1280 3508 295

330 3525 420 3581 Arma
434 3524 521 3595 dedit,
532 3527 651 3601 posthac
665 3546 701 3582 ne
715 3527 898 3601 compellaret
913 3527 1028 3583 inultus.

330 3602 442 3660 Dixerit
454 3604 587 3661 insanum
601 3605 649 3678 qui
663 3623 719 3677 me,
733 3606 851 3661 totidem
862 3606 959 3662 audiet
967 3624 974 3674 ;
997 3616 1081 3680 atque

330 3682 487 3758 Respicere
501 3683 598 3759 ignoto
611 3683 702 3740 discet
715 3683 870 3759 pendentia
882 3695 970 3760 tergo.

711 3832 856 3865 nolumus.

331 3919 438 3989 Stoice,
452 3928 515 3993 post
528 3918 663 3975 damnum
678 3917 720 3976 sic
734 3919 840 3976 vendas
850 3918 947 3976 omnia
960 3917 1068 3996 pluris:

329 3996 399 4057 Qua
412 4016 459 4053 me
473 3996 602 4070 stultitia,
615 3999 749 4072 quoniam
763 4017 821 4055 non
835 4009 879 4055 est
892 4017 984 4074 genus
997 4016 1099 4072 unum,
1221 3999 1281 4060 300

330 4073 461 4133 Insanire
474 4076 578 4152 putasl
598 4095 652 4154 ego
666 4095 732 4135 num
746 4077 842 4135 videor
856 4077 925 4135 mihi
940 4096 1035 4135 sanus.
