3084 4900
299 600 356 661 176
617 597 649 653 Q.
667 595 814 645 Honsrrr
831 594 955 644 rancor

337 739 402 799 Nec
415 736 507 816 magis
517 740 642 815 expressi
656 740 749 798 vultus
762 759 813 815 per
824 742 916 797 alinea
929 740 1011 815 signa

336 819 436 883 Quam
449 838 500 896 per
514 820 584 877 vatis
597 838 668 895 opus
679 838 771 877 mores
786 819 929 893 animique
940 819 1063 877 virorum

338 899 487 957 Clarorum
503 909 646 975 apparent.
688 898 718 954 N
720 916 754 955 eo
768 910 914 955 sermones
925 906 983 974 ego
993 898 1108 955 mallem
1227 900 1291 958 250

338 977 487 1054 Repentes
500 997 550 1054 per
564 979 693 1049 humum,
708 975 793 1052 qulam
807 996 853 1033 res
867 996 1036 1053 componere
1049 985 1155 1053 gestas,

338 1056 550 1132 Terrarumque
564 1057 634 1113 situs
647 1067 676 1113 et
689 1055 808 1111 flumina
821 1056 926 1127 dicere,
941 1068 970 1114 et
983 1075 1064 1114 arces
1094 1059 1098 1072 '

338 1134 486 1195 Montibus
500 1135 655 1212 impositae,
669 1144 698 1191 et
712 1134 831 1190 barbara
844 1135 942 1211 regim,
956 1135 1069 1210 tuisque

339 1213 485 1291 Auspiciis
498 1224 588 1272 totum
602 1213 734 1270 confecta
747 1212 842 1269 duella
855 1233 905 1288 per
918 1213 1027 1286 orbem,

339 1294 525 1368 Claustraque
539 1293 686 1350 custodem
700 1292 780 1366 pacis
794 1292 958 1349 cohibentia
971 1291 1089 1366 Janum,
1227 1296 1289 1352 255

338 1372 377 1429 Et
391 1371 568 1429 formidatam
583 1370 695 1428 Parthis
708 1381 736 1427 te
749 1371 878 1446 principe
893 1371 1034 1444 Romam;
1162 1430 1166 1436 ,

339 1451 381 1523 Si,
395 1460 532 1526 quantum
546 1468 690 1525 cuperem,
705 1469 817 1524 possem
830 1468 958 1524 quoque:
979 1452 1030 1507 sed
1041 1470 1136 1526 neque
1149 1471 1268 1527 parvum

339 1528 463 1586 Carmen
476 1528 608 1604 majestas
621 1528 722 1603 recipit
735 1538 794 1599 tua,
807 1548 863 1585 nee
877 1548 957 1587 meus
971 1530 1058 1596 audet

337 1609 415 1667 Rem
428 1618 537 1665 tentare
550 1607 650 1684 pudor,
663 1627 748 1681 quam
762 1608 835 1665 vires
850 1608 921 1665 ferre
934 1615 1075 1668 recusent.

339 1688 482 1745 Sedulitas
496 1697 600 1758 autem,
615 1685 700 1743 stulte
714 1705 798 1761 quern
813 1687 914 1762 diligit,
921 1697 1021 1763 urget,
1227 1690 1290 1747 200

338 1764 486 1842 Praecipue
501 1785 588 1841 quum
602 1785 632 1822 se
646 1762 773 1822 numeris
787 1768 968 1824 commendat
982 1779 1011 1823 et
1024 1778 1101 1824 arte:

337 1845 431 1903 Discit
444 1845 521 1902 enim
535 1842 620 1902 citius
634 1844 819 1919 meminitque
833 1844 967 1903 libentius
980 1843 1051 1903 illud

336 1925 425 1985 Quod
439 1924 502 2000 quis
515 1924 634 1995 deridet,
649 1920 735 1997 quam
749 1924 824 1998 quod
837 1924 938 1999 probat
950 1936 979 1981 et
994 1924 1149 1982 veneratur,

338 2003 389 2060 Nil
404 2023 496 2061 moror
510 2003 634 2060 officium
649 2002 723 2076 quod
738 2013 784 2059 me
798 2013 912 2077 gravat:
934 2022 967 2060 ac
982 2023 1074 2079 neque
1088 2004 1155 2061 ficto

338 2081 374 2139 In
387 2082 467 2158 pejus
481 2082 559 2138 vultu
571 2080 689 2156 proponi
702 2100 802 2137 cereus
816 2100 944 2156 usquam,
1227 2082 1290 2142 265

337 2160 403 2218 Nec
416 2158 502 2238 prave
518 2160 599 2217 sactis
612 2160 741 2216 decorari
752 2161 879 2217 versibus
891 2172 976 2236 opto;

337 2239 386 2297 Ne
399 2240 515 2296 rubeam
529 2237 628 2315 pingui
642 2238 762 2295 donatus
775 2251 904 2310 munere,
919 2250 947 2296 et
961 2240 1019 2296 una

338 2318 414 2376 Cum
428 2318 563 2394 scriptore
577 2336 651 2388 meo,
666 2317 752 2392 capsi
765 2329 912 2393 porrectus
927 2319 1035 2394 aperti,

338 2396 458 2456 Deferat
471 2396 501 2455 in
514 2397 609 2455 vicum
624 2397 794 2454 vendentem
808 2398 916 2455 thuset
929 2399 1040 2471 odores,

338 2473 377 2536 Et
388 2476 478 2554 piper,
492 2487 522 2536 et
533 2476 670 2553 quidquid
684 2477 790 2534 chartis
802 2477 933 2535 amicitur
947 2477 1059 2555 ineptis.
1227 2479 1290 2538 270

665 2794 871 2854 EPISTOLA
885 2794 926 2855 ΙΙ.

627 2932 668 2970 ΑΙ)
687 2933 797 2973 sumum
817 2933 945 2973 FLORUM·

341 3032 454 3105 Frons,
469 3033 544 3091 bono
558 3033 689 3107 claroque
703 3032 795 3089 fidelis
809 3032 901 3088 amice
914 3031 1035 3105 Neroni,

341 3113 372 3170 Si
386 3112 449 3186 quis
463 3110 533 3169 forte
545 3111 611 3168 velit
623 3130 742 3186 puerum
757 3111 808 3167 tibi
822 3110 955 3183 vendere,
970 3124 1068 3168 natum

338 3190 449 3248 Tibure
463 3190 506 3247 vel
519 3189 628 3260 Gabiis,
639 3201 668 3246 et
681 3200 776 3246 tecum
791 3190 832 3246 sic
847 3201 928 3263 agat:
950 3194 968 3220 “
978 3190 1047 3262 Hic,
1061 3202 1091 3248 et

339 3269 487 3327 Candidus
500 3280 529 3325 et
542 3267 613 3325 talos
627 3268 762 3325 avertice
776 3268 895 3343 pulcher
910 3269 946 3325 ad
961 3269 1042 3342 imos,

338 3347 403 3405 Fiet
416 3347 523 3422 eritque
537 3356 602 3403 tuus
616 3365 797 3403 nummorum
811 3347 935 3403 millibus
948 3359 1022 3420 octo,

338 3427 436 3484 Verna
450 3425 615 3482 ministeriis
629 3426 665 3483 ad
678 3436 765 3483 nutus
780 3439 861 3502 aptus
875 3427 987 3498 heriles,

338 3504 483 3563 Litterulis
493 3505 603 3562 Graecis
616 3504 751 3576 imbutus,
763 3505 882 3562 idoneus
897 3507 949 3563 arti

338 3583 480 3653 Cuilibet3
501 3583 599 3659 argilla
613 3584 723 3659 quidvis
738 3585 893 3642 imitaberis
906 3585 980 3641 uda:

337 3662 420 3725 Quin
434 3663 519 3719 etiam
533 3675 617 3720 canet
630 3663 787 3736 indoctum,
803 3665 852 3720 sed
864 3661 959 3735 dulce,
975 3664 1094 3725 bibenti.

339 3739 432 3799 Multa
445 3741 530 3798 fidem
541 3742 679 3817 promissa
692 3743 796 3814 levant,
810 3741 859 3798 ubi
873 3741 985 3817 plenius
999 3761 1080 3817 aequo
1251 3749 1289 3804 10

339 3818 451 3879 Laudat
464 3821 587 3892 venales,
602 3821 649 3894 qui
663 3821 722 3877 vult
735 3821 894 3892 extrudere,
909 3840 1026 3878 merces.

338 3898 402 3955 lies
415 3909 497 3974 urget
509 3917 556 3955 me
569 3898 657 3971 nulla,
671 3918 735 3955 meo
749 3917 812 3954 sum
826 3918 932 3974 pauper
947 3900 976 3956 in
992 3919 1064 3958 aere:

339 3974 433 4034 Nemo
447 3977 501 4035 hoc
515 3996 687 4054 mangonum
703 3978 810 4034 faceret
823 3978 892 4035 tibi:
914 3998 971 4035 non
985 3977 1094 4036 temere
1109 3999 1126 4037 a
1140 3999 1186 4038 me

338 4054 443 4116 Quivis
457 4056 541 4114 serret
554 4056 646 4114 idern:
668 4055 754 4113 semel
769 4056 817 4113 hic
831 4058 961 4129 cessavit,
975 4070 1013 4131 et,
1028 4070 1060 4117 ut
1073 4058 1114 4132 fit,

339 4131 375 4191 In
388 4133 472 4194 scalis
485 4133 566 4193 latuit
579 4145 709 4192 metuens
721 4136 872 4212 pendentis
885 4137 1013 4195 habente.
1251 4140 1288 4200 15
