3084 4900
517 578 717 628 crammuru
735 580 802 629 mn.
820 547 856 629 ri.

349 721 495 779 Oblivioso
508 722 582 779 levia
590 721 716 780 Massico

350 801 467 859 Ciboria
479 801 577 876 exple:
599 802 687 858 funde
701 802 855 878 capacibus

389 879 545 954 Unguenta
559 882 594 937 de
609 881 735 938 conchis.
766 881 844 942 Quis
857 882 915 939 udo

429 958 625 1035 Deproperare
639 960 703 1034 apio
717 979 837 1016 coronas

350 1037 474 1094 Curatve
488 1040 597 1113 myrtol
617 1058 702 1113 quem
717 1039 818 1095 Venus
832 1038 968 1097 arbitrum

349 1116 436 1174 Dicet
450 1117 583 1174 bibendil
613 1117 682 1175 Non
696 1136 749 1193 ego
760 1114 861 1176 saniirs

390 1194 556 1254 Bacchabor
570 1195 695 1254 Edonis:
716 1207 832 1271 recepto

428 1275 522 1333 Dulce
537 1276 606 1332 mihi
620 1276 712 1334 furere
726 1286 770 1333 est
784 1276 886 1334 arnico.

606 1589 690 1648 ODE
711 1590 763 1648 VI.
844 1603 846 1605 ’

593 1728 633 1766 AD
644 1728 787 1767 VALGIUM.

349 1827 379 1885 N
381 1846 422 1884 ou
436 1847 546 1903 semper
562 1828 665 1885 imbres
679 1829 805 1885 nubibus
819 1830 945 1905 hispidos

349 1906 471 1964 Manant
485 1908 514 1963 in
529 1926 621 1983 agros,
636 1918 685 1964 aut
698 1927 776 1964 mare
790 1899 927 1985 Caspium

390 1987 503 2043 Vexant
517 1986 670 2061 inaequales
681 1987 813 2062 procellae

428 2065 524 2141 Usque
536 2086 543 2135 ;
564 2085 619 2122 nec
630 2066 778 2124 Armeniis
791 2067 821 2123 in
834 2067 901 2141 oris,

349 2144 453 2202 Amice
468 2145 562 2221 Valgi,
575 2156 629 2203 stat
642 2146 749 2222 glacies
763 2146 840 2203 iners
923 2165 926 2181 ¹

349 2222 465 2281 Menses
479 2244 529 2301 per
542 2245 660 2295 omnes3
682 2235 732 2282 aut
745 2225 939 2300 Aquilonibus

387 2304 536 2365 Queroeta
549 2305 675 2380 Gargani
689 2305 827 2379 laborant,

428 2382 466 2440 Et
480 2384 553 2441 soliis
564 2384 715 2441 viduantur
729 2385 800 2442 orni.

349 2463 399 2522 Tu
413 2483 523 2540 semper
537 2483 623 2540 urges
637 2463 778 2540 flebilibus
791 2465 884 2523 modis

350 2542 465 2619 Mysten
481 2545 660 2618 ademptum:
681 2562 736 2599 nec
749 2545 801 2600 tibi
813 2545 941 2620 Vespero

390 2624 533 2696 surgente
547 2622 692 2678 decedunt
705 2640 826 2694 amores,

430 2699 497 2756 Nec
511 2699 641 2774 rapidum
652 2699 779 2774 fugiente
795 2700 900 2758 Solem.

350 2779 392 2836 At
405 2798 463 2836 non
477 2789 520 2835 ter
535 2797 594 2835 aevo
608 2779 723 2835 functus
737 2778 888 2836 amabilem

349 2858 473 2917 Ploravit
486 2876 585 2915 omnes
598 2857 786 2915 Antilochum
800 2878 889 2916 senex

391 2939 509 2995 Annos:
531 2957 586 2994 nec
600 2938 744 3013 impubem
758 2950 891 3015 parentes

429 3016 562 3089 Troilon,
577 3029 627 3075 aut
640 3017 770 3093 Phrygiae
785 3037 904 3091 sorores,

349 3094 469 3154 Flevdre
484 3117 603 3172 semper.
637 3096 745 3154 Desine
760 3098 888 3155 mollium

350 3175 484 3233 Tandem
498 3176 691 3251 querelarum:
712 3188 741 3234 et
753 3175 848 3252 potiris
861 3195 935 3235 nova

390 3254 548 3312 Cantemus
562 3256 688 3331 Augusti
702 3266 808 3331 tropaea
840 3276 843 3279 ·

429 3334 561 3405 Caesaris,
575 3345 604 3391 et
617 3335 740 3410 rigidum
754 3334 912 3411 Niphaten,

349 3411 526 3488 Medumque
540 3413 657 3485 flumen,
671 3415 805 3489 gentibus
819 3416 949 3473 additum

351 3492 453 3564 VictiS,
467 3494 592 3549 minores
603 3492 713 3549 volvere
727 3493 865 3563 vortices,-

389 3571 524 3644 Intraque
538 3570 732 3645 praescriptum
746 3570 872 3628 Gelonos

428 3649 550 3725 Exiguis
564 3648 690 3723 equitare
704 3648 820 3724 campis.
