3084 4900
324 615 381 672 ll2
645 611 676 666 Q·
694 610 841 659 HORATII
858 610 982 659 FLACCI

351 749 397 811 ‘In
409 754 506 811 silvam
520 772 578 811 non
591 753 669 830 ligna
683 754 757 811 seras
770 751 909 827 insanius,
924 772 959 812 ac
972 753 995 811 si

361 831 483 908 Magnas
496 833 661 889 Graecorum
675 833 757 890 malis
771 833 888 908 implere
903 827 1046 890 catervas!

399 910 547 987 Turgidus
561 912 684 987 Alpinus
695 912 807 988 jugulat
820 913 886 968 dum
902 910 1068 985 Memnona,
1078 912 1204 989 dumque

359 989 491 1066 Diffingit
504 990 603 1047 Rheni
616 991 724 1047 luteum
739 1001 834 1066 caput,
848 991 911 1046 haec
924 1009 979 1065 ego
992 990 1069 1063 ludo,

359 1069 436 1130 Quae
449 1069 548 1129 necin
563 1069 638 1126 AEde
652 1081 754 1126 sonent
764 1069 913 1140 certantia,
922 1067 1019 1143 judice
1033 1068 1142 1146 Tarpa,

359 1147 390 1204 N
391 1167 425 1205 ec
438 1149 556 1205 redeant
570 1148 671 1204 itemm
686 1159 768 1223 atque
783 1148 884 1204 iterum
895 1148 1051 1222 spectanda
1064 1148 1189 1208 theatris.

360 1227 472 1301 Arguta
487 1227 634 1283 meretrice
647 1238 736 1301 potes,
750 1225 886 1302 Davoque
900 1226 1053 1285 Chremeta

360 1304 502 1362 Eludente
515 1324 623 1375 senem,
638 1305 727 1362 comis
741 1306 847 1381 garrire
861 1304 984 1377 libellos„

359 1382 441 1440 Unus
454 1384 591 1455 vivorum,
605 1383 754 1440 Fundani:
777 1383 867 1441 Pollio
880 1402 979 1459 regum

359 1461 450 1519 Facta
463 1461 549 1533 canit,
564 1463 637 1536 pede
650 1473 692 1519 ter
705 1481 855 1538 percusso:
877 1462 948 1520 forte
962 1482 1030 1538 epos
1044 1481 1119 1537 acer,

359 1540 398 1598 Ut
411 1560 505 1613 nemo,
520 1540 624 1598 Varius
637 1541 732 1598 ducit:
754 1542 839 1599 molle
853 1552 936 1616 atque
951 1542 1073 1600 facetum

359 1619 482 1695 Virgilio
495 1632 657 1677 annuerunt
670 1621 829 1695 gaudentes
841 1640 907 1678 rure
921 1620 1075 1678 Camoenae.

359 1698 425 1757 Iloc
438 1709 507 1769 erat,
522 1709 637 1775 experto
651 1698 754 1757 frustrat
765 1700 894 1758 Varrone
909 1699 1033 1757 Atacino

358 1777 454 1854 Atque
464 1778 632 1853 quibusdam
647 1779 718 1851 aliis,
733 1778 836 1837 melitis
849 1778 924 1854 qudd
938 1778 1062 1836 scribere
1075 1798 1197 1855 possem,

358 1856 509 1915 Inventore
521 1858 629 1915 minor:
649 1877 742 1933 neque
756 1878 811 1935 ego
824 1858 865 1915 illi
879 1856 1026 1915 detrahere
1040 1859 1132 1916 ausim

361 1935 525 1995 Haerentem
541 1938 627 2012 capiti
641 1936 732 1994 multat
746 1956 812 1995 cum
826 1937 911 1994 laude
925 1955 1067 1994 coronam.

397 2016 438 2072 At
451 2015 509 2074 dixi
524 2015 611 2073 fluere
626 2017 704 2072 hunc
716 2016 897 2088 lutulentum,
914 2012 989 2092 saepd
1005 2015 1142 2074 ferentem

357 2093 444 2151 Plura
457 2094 571 2168 quidem
585 2094 712 2152 tollenda
725 2095 934 2169 relinquendis:
957 2113 1019 2170 age,
1032 2114 1138 2171 queso,

357 2172 407 2228 Tu
420 2172 490 2229 nihil
505 2173 534 2229 in
549 2192 653 2248 magno
667 2173 767 2230 doctus
779 2172 927 2249 reprendis
942 2172 1088 2233 Homerol

355 2249 407 2309 Nil
421 2251 510 2309 comis
524 2251 624 2327 tragici
634 2261 725 2308 mutat
739 2252 869 2309 Lucilius
883 2250 978 2309 Accil

356 2329 386 2386 N
387 2349 424 2388 on
439 2330 511 2388 ridet
524 2349 621 2388 versus
634 2328 712 2387 Enni
726 2331 863 2406 gravitate
876 2331 1009 2403 minores,

355 2408 456 2471 Quum
471 2409 507 2468 de
521 2409 693 2485 reloquitur,
708 2429 766 2468 non
780 2420 812 2468 ut
826 2409 931 2486 majore
944 2409 1108 2487 reprensisl

355 2488 437 2550 Quid
451 2500 526 2549 vetat
539 2500 568 2547 et
581 2501 701 2562 nosmet,
716 2489 811 2548 Lucili
826 2491 930 2566 scripta
943 2492 1081 2567 legentes,

355 2567 494 2629 Quaerere
507 2588 576 2626 num
591 2570 675 2642 illius,
690 2587 760 2627 num
774 2589 878 2642 rerum,
892 2570 963 2628 dura
975 2569 1089 2647 negbrit

356 2647 520 2709 Versiculos
534 2661 635 2707 natura
648 2646 740 2725 magis
754 2649 853 2722 factos,
867 2660 896 2707 et
909 2661 1010 2708 euntes

356 2724 482 2801 Molliris,
496 2729 569 2786 acsi
582 2729 778 2804 quis,pedibus
791 2729 859 2804 quid
873 2728 1007 2787 claudere
1020 2727 1106 2800 senis,

357 2805 422 2864 Hoc
435 2805 546 2865 tantbm
571 2818 732 2879 contentus,
747 2818 823 2865 amet
836 2808 982 2884 scripsisse
996 2809 1134 2865 ducentos

356 2885 434 2943 Ante
448 2886 544 2943 cibum
558 2905 664 2960 versus,
679 2887 797 2944 totidem
811 2897 941 2943 coenatus
949 2907 956 2955 ;
978 2885 1115 2944 Hetrusci

354 2962 450 3023 Quale
465 2964 517 3021 fuit
531 2964 614 3021 Cassi
628 2966 726 3041 rapido
739 2964 893 3022 ferventius
907 2965 983 3021 amni

355 3039 516 3117 Ingenium,
531 3043 623 3118 capsis
636 3063 720 3118 quem
734 3043 809 3100 sama
822 3052 865 3099 est
878 3061 940 3098 esse
953 3041 1087 3116 librisque

354 3121 526 3178 Ambustum
540 3121 679 3196 propriis'l
712 3120 812 3178 Fuerit
825 3120 966 3192 LuciliuS,
980 3120 1106 3196 inquam,

355 3199 453 3257 Comis
467 3210 496 3257 et
510 3201 654 3269 urbanus;
677 3199 760 3257 fuerit
774 3199 895 3256 limatior
909 3199 995 3272 idem,

355 3276 454 3340 Quum
468 3278 547 3336 rudis
560 3288 589 3334 et
602 3278 711 3335 Graecis
725 3277 825 3335 intacti
838 3277 973 3335 carminis
987 3289 1095 3351 auctor,

354 3354 509 3432 Quumque
522 3360 671 3434 poetarum
685 3357 829 3414 seniorum
843 3357 942 3414 turba:
956 3358 1007 3415 sed
1021 3358 1080 3431 ille,

356 3435 387 3492 Si
402 3435 472 3493 foret
487 3437 541 3494 hoc
555 3447 684 3493 nostrum
698 3436 755 3493 fato
769 3437 872 3494 dilatus
886 3437 916 3493 in
931 3455 1031 3509 evum,

354 3514 504 3573 Detereret
517 3514 570 3573 sibi
585 3516 689 3586 multa;
711 3515 851 3574 recideret
864 3534 948 3573 omne
962 3516 1036 3591 quod
1051 3515 1124 3572 ultra

354 3593 516 3651 Perfectum
529 3594 702 3666 traheretur3
724 3595 796 3653 etin
811 3613 893 3653 versu
908 3594 1039 3652 faciendo

355 3670 438 3748 Seps
454 3685 540 3749 caput
553 3674 691 3747 scaberet,
705 3674 782 3733 vivos
793 3686 822 3732 et
834 3675 946 3732 roderet
959 3691 1079 3748 ungues.

394 3749 479 3827 Saepe
494 3751 596 3827 stylum
612 3763 712 3825 vertas,
727 3753 840 3824 iterum,
854 3770 917 3827 que
931 3753 1018 3828 digna
1031 3751 1089 3827 legi
1103 3751 1170 3825 sint,

355 3831 527 3905 Scripturas,
541 3849 643 3906 neque,
658 3841 686 3887 tc
700 3841 732 3887 ut
744 3831 861 3888 miretur
876 3831 968 3903 turba,
982 3830 1102 3904 labores,

354 3909 514 3966 Contentus
526 3909 626 3985 paucis
638 3909 799 3966 lectoribus.
834 3910 883 3966 An
897 3920 947 3966 tua
960 3910 1079 3967 demens

354 3987 467 4044 Vilibus
478 3988 508 4044 in
521 3988 597 4046 ludis
612 3987 713 4044 dictari
727 3987 855 4045 carmina
868 3988 966 4046 malisl
1263 3990 1303 4048 75

353 4063 421 4123 Non
432 4085 501 4142 ego:
523 4086 590 4124 nam
604 4063 672 4124 satis
685 4077 728 4123 est
738 4065 871 4142 Equitem
882 4067 952 4126 mihi
962 4066 1107 4144 plaudere,
1119 4077 1150 4126 ut
1160 4065 1263 4142 audax,

354 4144 532 4221 Contemptis
545 4146 618 4219 aliis,
632 4146 746 4223 explosa
759 4146 922 4204 Arbuscula
935 4147 1014 4205 dixit.
