3084 4900
293 601 351 661 132
620 596 651 652 Q.
669 594 816 643 noman
832 592 956 641 uereor

330 742 392 799 Aut
406 740 544 817 apotheca
557 738 654 815 procis
665 737 773 796 intacta
786 746 839 809 est,
853 745 903 793 aut
915 752 1021 811 pecus:
1041 731 1120 809 atqui

330 820 369 879 Et
381 838 483 897 genus,
497 829 526 876 et
539 819 636 890 virtus,
651 817 707 875 nisi
720 836 788 875 curn
801 835 842 888 re,
856 815 936 873 vilior
950 812 1015 889 alga
1025 822 1077 871 est

719 984 851 1019 umarus,

329 1069 458 1131 Quando
470 1067 645 1144 pauperiem,
657 1066 750 1123 missis
761 1063 937 1139 ambagibus,
952 1062 1060 1135 horres,

330 1148 441 1225 Accipe
455 1147 512 1222 qnia
525 1147 633 1204 ratione
646 1162 734 1219 queas
748 1144 895 1200 ditescere.
937 1140 1056 1198 Turdus

332 1227 399 1285 Sive
413 1227 491 1284 aliud
504 1226 616 1301 privum
630 1223 742 1280 dabitur
755 1222 823 1290 tibi;
845 1220 956 1278 devolet
970 1220 1039 1277 illuc

330 1305 394 1363 Res
407 1306 456 1362 ubi
470 1323 574 1380 magna
588 1303 668 1374 nitet,
684 1302 800 1359 domino
814 1318 896 1368 sene;
918 1298 1014 1356 dulcia
1026 1316 1122 1374 poma,

330 1384 370 1442 Et
382 1402 564 1460 quoscunque
579 1382 649 1438 feret
662 1381 756 1437 cultus
769 1380 821 1437 tibi
836 1380 941 1436 fundus
955 1378 1087 1451 honores,

330 1462 409 1520 Ante
424 1462 526 1519 Larem
541 1470 635 1537 gustet
648 1459 835 1516 venerabilior
849 1458 922 1515 Lare
936 1457 1033 1514 dives:

328 1541 391 1603 Qui
404 1540 532 1616 quamvis
545 1539 674 1616 perjurus
687 1540 750 1611 erit,
765 1538 828 1595 sine
841 1552 938 1614 gente,
952 1544 1088 1593 cruentus

331 1620 479 1697 Sanguine
493 1618 626 1691 fraterno,
641 1618 795 1694 fugitivus;
817 1637 854 1674 ne
868 1628 964 1674 tamen
978 1614 1019 1672 illi

330 1699 380 1757 Tu
394 1718 490 1758 comes
504 1698 638 1771 exterior,
652 1698 676 1755 si
689 1698 821 1775 postulet,
835 1697 876 1753 ire
890 1712 1013 1754 recuses.

726 1866 845 1900 umacus.

330 1954 406 2013 Utne
420 1965 515 2031 tegam
529 1973 631 2031 spurco
644 1952 745 2012 Damae
758 1954 852 2011 latusl
873 1952 950 2010 haud
964 1950 1003 2009 ita
1016 1946 1112 2026 Trojae

330 2032 381 2091 Me
395 2034 482 2111 gessi,
496 2046 609 2092 certans
622 2052 733 2110 semper
746 2032 919 2090 melioribus.

721 2180 854 2214 araneus.

963 2266 1043 2346 Ergo

329 2346 441 2423 Pauper
454 2346 518 2404 eris.

726 2495 845 2529 ULYSSES.

567 2577 682 2640 Fortem
696 2582 751 2640 hcc
765 2582 893 2640 animum
907 2582 1027 2641 tolerare
1038 2582 1161 2660 jubebo:
1241 2582 1281 2642 20

331 2659 370 2718 Et
382 2661 524 2735 quondam
538 2662 645 2739 majora
658 2661 718 2719 tuli.
759 2661 810 2719 Tu
822 2671 968 2738 protenus,
982 2663 1060 2720 unde

331 2737 453 2798 Divitias
468 2741 587 2816 aerisque
600 2759 692 2814 ruam,
706 2741 763 2814 dic,
779 2760 879 2818 augur,
894 2760 1017 2800 acervos.

722 2889 854 2922 amasus.

330 2973 398 3032 Dixi
412 2975 554 3050 equidem,
568 2984 597 3031 et
610 2975 683 3032 dico.
725 2973 832 3050 Captes
846 2986 955 3033 astutus
969 2975 1074 3049 ubique

331 3053 519 3111 Testamenta
532 3072 652 3110 senum:
674 3072 741 3124 neu,
756 3053 780 3110 si
794 3055 956 3112 valeranus
970 3065 999 3111 et
1012 3054 1082 3111 alter

330 3132 530 3190 Insidiatorem
543 3149 666 3207 praeroso
680 3132 791 3207 fugeret
804 3134 898 3206 hamo,
1239 3131 1281 3191 25

330 3213 392 3269 Aut
404 3228 483 3287 spem
497 3211 632 3285 deponas,
647 3220 696 3267 aut
709 3222 798 3268 artem
812 3212 911 3269 illusus
923 3211 1044 3270 omittas.

330 3289 439 3365 Magna
453 3288 578 3346 minorve
590 3289 649 3347 soro
663 3289 687 3346 si
698 3309 743 3346 res
757 3292 911 3349 certabitur
925 3291 1002 3364 clim,

330 3369 416 3426 Vivet
428 3377 489 3425 uter
503 3368 628 3444 locuples
642 3368 703 3425 sine
717 3369 820 3444 gnatis,
834 3370 978 3447 improbus
991 3369 1064 3426 ultro

328 3447 391 3509 Qui
405 3446 549 3504 meliorem
565 3449 659 3505 audax
674 3459 755 3506 vocet
768 3449 798 3506 in
809 3450 856 3525 jus
864 3470 871 3520 ;
893 3450 969 3507 illius
982 3457 1042 3505 esto

330 3523 485 3583 Defensor:
507 3527 581 3584 fama
596 3528 686 3585 civem
706 3529 848 3603 causaque
862 3529 984 3605 priorem
1240 3525 1280 3583 30

331 3605 450 3681 Sperne,
462 3607 538 3663 domi
552 3607 575 3663 si
589 3619 692 3683 gnatus
706 3608 758 3664 erit
773 3609 938 3664 soecundave
952 3604 1064 3681 conjux.

330 3688 348 3715 “
358 3684 498 3757 Quinte,''
513 3697 590 3761 puta,
605 3697 654 3743 aut
668 3691 685 3716 “
695 3687 808 3758 Publi,”
826 3685 965 3761 (gaudent
977 3681 1152 3758 prenomine
1166 3681 1265 3741 molles

330 3763 501 3843 Auriculae,)
518 3769 536 3795 “
551 3765 602 3821 tibi
616 3784 662 3821 me
676 3764 764 3821 virtus
778 3774 827 3821 tua
841 3763 908 3820 fecit
921 3762 1065 3818 amicum:

330 3840 348 3897 J
351 3861 383 3898 us
398 3862 503 3918 anceps
517 3843 592 3913 novi,
607 3861 707 3898 causas
721 3841 873 3898 defendere
886 3859 1016 3915 possum:

330 3919 440 3996 Eripiet
452 3921 543 3996 quivis
556 3921 652 3977 oculos
666 3919 750 3976 citius
764 3919 844 3990 mihi,
858 3916 944 3992 quam
958 3929 986 3975 te
1238 3920 1278 3977 35

329 3998 532 4076 Contemptum
541 3999 627 4056 ‘cassa
641 4017 715 4055 nuce
729 4008 878 4073 pauperet:
900 3997 962 4054 haec
976 4017 1040 4055 mea
1051 4017 1120 4056 cura
1132 4007 1185 4070 est,

330 4076 377 4134 Ne
390 4078 458 4151 quid
472 4090 503 4135 tu
513 4079 625 4154 perdas,
639 4095 696 4134 neu
710 4078 749 4133 sis
760 4077 869 4153 jocus.''
912 4076 958 4133 Ire
972 4077 1089 4135 domum
1103 4087 1186 4152 atque

329 4155 496 4214 Pelliculam
511 4176 610 4214 curare
622 4157 707 4233 jube:
728 4156 890 4232 frccgnitor
904 4155 972 4232 ipse.
