3084 4900
321 588 377 648 188
640 587 671 643 Q.
689 584 836 635 HORATu
853 584 986 635 ruaccr.

358 729 414 787 Pes
428 728 518 800 citus3
539 730 617 787 unde
630 730 717 789 etiam
730 728 865 788 trimetris
879 747 1044 787 accrescere
1054 727 1140 807 jussit

358 807 474 867 Nomen
488 807 623 882 Iambeis,
635 827 723 886 quum
737 827 821 866 senos
834 808 966 865 redderet
979 808 1063 883 ictus,

358 887 471 945 Primus
485 888 521 945 ad
535 898 694 946 extremum
708 887 808 945 similis
821 887 892 945 sibi:
913 907 971 945 non
985 887 1025 945 ita
1037 886 1158 965 pridem,

358 965 481 1025 Tardior
491 978 523 1024 ut
535 965 621 1044 paulb
635 968 802 1044 graviorque
816 967 924 1024 veniret
938 967 974 1024 ad
988 986 1082 1042 aures,

359 1047 507 1122 Spondeos
517 1047 632 1104 stabiles
646 1048 677 1104 in
687 1047 753 1122 jura
764 1056 884 1123 paterna
896 1045 1005 1122 recepit

358 1125 534 1184 Commodus
548 1136 577 1183 et
589 1127 701 1203 patiens
709 1145 717 1195 ;
738 1144 798 1183 non
812 1135 843 1182 ut
853 1124 890 1182 de
903 1125 972 1182 sede
982 1126 1112 1185 secundi

358 1204 482 1262 eederet
496 1214 545 1262 aut
557 1204 658 1281 quartrl
671 1204 820 1263 socialiter.
862 1203 922 1261 Hic
935 1203 1008 1262 etin
1021 1203 1098 1266 Acci

359 1282 511 1341 Nobilibus
525 1283 660 1342 trimetris
674 1293 790 1360 apparet
803 1301 892 1355 rarus,
906 1293 936 1341 et
948 1282 1037 1342 Enni.

358 1361 394 1420 ln
407 1382 525 1420 scenam
538 1363 640 1420 missus
653 1382 757 1439 magno
767 1382 834 1420 cum
844 1362 971 1438 pondere
984 1381 1091 1437 versus,

358 1442 420 1499 Aut
433 1461 526 1517 operae
540 1442 642 1500 celeris
655 1440 777 1500 nimium
791 1442 915 1517 curaque
930 1442 1063 1516 carentis,

358 1521 419 1578 Aut
432 1521 567 1598 ignoratae
580 1522 684 1597 premit
694 1521 761 1578 artis
775 1521 894 1578 crimine
908 1521 991 1597 turpi.

356 1597 425 1658 Non
439 1599 530 1675 quivis
543 1600 620 1657 videt
633 1600 818 1659 immodulata
830 1604 963 1676 poemata
973 1600 1062 1676 judex
1068 1619 1077 1671 ;

357 1677 395 1736 Et
409 1680 475 1737 data
489 1680 629 1738 Romanis
642 1680 725 1738 venia
738 1690 781 1737 est
795 1679 913 1755 indigna
926 1680 1025 1756 poetis.

357 1755 509 1816 Idcircone
522 1778 617 1835 vager,
632 1759 810 1833 scribamque
824 1758 953 1831 licenter,
967 1768 999 1815 ut
1011 1777 1112 1817 omnes

357 1837 476 1896 Visuros
489 1852 608 1914 peccata
621 1849 718 1914 putem
733 1858 807 1910 mea,
820 1848 908 1909 tutus,
922 1848 951 1894 et
961 1837 1035 1895 intra

358 1917 445 1993 Spem
456 1917 546 1975 veniae
560 1919 684 1975 cautusl
725 1918 822 1975 Vitavi
836 1916 958 1992 denique
972 1916 1096 1994 culpam,

358 1996 426 2054 Non
440 1996 554 2054 laudem
569 1997 668 2054 merui.
710 1996 770 2056 Vos
785 1997 956 2072 exemplaria
969 1996 1072 2054 Graeca

356 2074 509 2134 Nocturni
522 2087 630 2134 versate
645 2095 742 2147 manu,
757 2086 866 2132 versate
880 2075 992 2133 diurna.

357 2155 398 2212 At
413 2155 495 2212 vestri
509 2155 605 2231 proavi
619 2155 766 2212 Plautinos
780 2166 809 2212 et
822 2173 955 2212 numeros
969 2165 998 2212 et

358 2232 525 2291 Laudavdre
539 2234 621 2306 sales,
636 2230 757 2291 nimirim
771 2234 911 2309 patienter
925 2245 1086 2311 utrumque,

357 2312 405 2370 Ne
420 2313 514 2369 dicam
528 2310 623 2385 stulte,
635 2312 744 2382 mirati3
767 2313 790 2369 si
804 2309 889 2370 modb
904 2331 957 2389 ego
970 2324 1000 2372 et
1014 2332 1062 2372 vos

358 2392 472 2450 Scimus
487 2392 656 2451 inurbanum
671 2392 765 2469 lepido
780 2411 917 2469 seponere
931 2392 1017 2466 dicto,

357 2472 586 2549 Legitimumque
601 2492 702 2530 sonum
717 2472 814 2548 digitis
827 2472 974 2545 callemus,
988 2484 1017 2531 et
1030 2491 1107 2532 aure.

396 2551 530 2627 Ignotum
544 2552 677 2628 Tragicae
688 2571 779 2628 genus
793 2552 935 2609 invenisse
950 2552 1096 2610 Camoenae

356 2629 469 2689 Dicitur
494 2642 523 2689 et
535 2632 666 2708 plaustris
679 2631 789 2689 vexisse
802 2635 935 2708 poemata
948 2630 1073 2708 Thespis

356 2709 418 2771 Qui
447 2722 584 2769 canerent
598 2723 770 2787 agerentque
784 2711 915 2786 peruncti
931 2710 1048 2768 faecibus
1060 2728 1118 2769 ora.

357 2789 424 2847 Post
438 2792 526 2864 hunc,
540 2809 668 2866 persouae
681 2791 818 2866 pallaeque
833 2800 957 2866 repertor
971 2791 1107 2864 honeste,

357 2868 521 2945 AEschylus‚
533 2881 562 2926 et
576 2870 695 2927 modicis
709 2869 838 2926 instravit
851 2869 959 2944 pulpita
973 2870 1069 2945 tignis,

356 2947 395 3005 Et
405 2949 501 3006 docuit
511 2967 703 3025 magnumque
716 2948 793 3022 loqui
807 2947 914 3022 nitique
928 2948 1076 3006 cothurno.

357 3028 503 3085 Successit
516 3039 598 3084 vetus
612 3027 656 3084 his
670 3027 829 3097 Comoedia,
845 3045 902 3083 non
918 3026 980 3082 sine
994 3026 1086 3084 multi

355 3106 473 3176 Laude;
495 3106 543 3163 sed
559 3107 588 3163 in
603 3107 700 3163 vitium
716 3106 830 3162 libertas
844 3105 951 3162 excidit
964 3116 994 3162 et
1003 3105 1060 3162 vim

355 3184 480 3260 Dignam
494 3184 557 3261 lege
571 3185 646 3260 regi:
668 3185 714 3241 lex
728 3195 771 3241 est
785 3193 912 3258 accepta,
924 3183 1083 3260 chorusque

354 3263 490 3340 Turpiter
503 3262 631 3335 obticuit,
646 3263 755 3320 sublato
766 3263 830 3338 jure
844 3263 975 3320 nocendi.

394 3342 445 3401 Nil
459 3344 630 3400 intentatum
644 3342 731 3400 nostri
745 3341 855 3417 liqudre
868 3345 977 3418 po'e'tae:

353 3421 420 3481 Nec
432 3423 581 3481 minimum
597 3420 727 3479 meruere
742 3423 840 3494 decus,
854 3421 972 3497 vestigia
985 3422 1088 3480 Graeca

354 3501 429 3560 Ausi
443 3503 574 3559 deserere
588 3511 617 3559 et
630 3500 775 3559 celebrare
789 3501 946 3559 domestica
960 3502 1044 3575 sacta,

355 3581 410 3639 Vel
424 3582 472 3657 qui
486 3592 646 3657 pretextae,
661 3581 704 3638 vel
718 3582 767 3656 qui
782 3580 906 3639 docuere
920 3592 1038 3657 togatas.

357 3659 420 3718 Nec
435 3660 537 3717 virtute
552 3661 623 3718 foret
637 3661 755 3718 clarisve
769 3663 913 3736 potentius
927 3660 1023 3733 armis,

354 3737 454 3801 Qurim
469 3740 579 3815 lingui,
592 3739 717 3811 Latium,
732 3739 755 3796 si
770 3759 829 3797 non
842 3739 1000 3797 offenderet
1012 3756 1115 3795 unum·

354 3837 494 3893 quemque
508 3822 656 3895 poctarum
670 3819 745 3875 limae
759 3819 838 3875 labor
852 3829 880 3874 et
893 3837 979 3874 mora.
1020 3815 1091 3888 Vos,
1104 3835 1123 3874 o

356 3896 513 3973 Pompilius
526 3897 652 3973 sanguis,
667 3916 783 3954 carmen
797 3895 996 3971 reprehendite
1010 3895 1085 3971 quod
1099 3914 1158 3955 non

356 3972 389 4031 Μ
392 3976 448 4032 ulta
463 3977 525 4033 dies
538 3988 568 4034 et
581 3976 670 4033 multa
684 3976 768 4032 litura
783 3974 921 4045 coercuit,
937 3985 1021 4049 atque

356 4053 529 4111 Prtesectum
544 4055 640 4113 decies
654 4073 710 4112 non
726 4054 873 4129 castigavit
887 4053 922 4109 ad
936 4072 1072 4130 unguem.

397 4132 549 4210 lrrgenium
563 4134 667 4192 miseri
680 4133 747 4209 quia
762 4132 932 4191 fortunatius
946 4144 1006 4192 arte
