3084 4900
573 620 773 685 CARMINUM
790 621 856 670 LIB.
873 621 923 670 111.

411 760 511 839 Impiae
526 781 644 838 sponsos
656 760 777 839 potudre
791 764 863 822 duro

609 842 733 899 Perdere
748 843 838 899 serrol

411 919 478 981 Una
491 921 527 977 de
541 920 648 993 multis,
664 921 726 977 lace
740 921 860 996 nuptiali

412 998 518 1074 Digna,
532 999 676 1076 perjurum
691 1000 743 1056 fuit
757 1000 787 1056 in
801 1009 948 1075 parentem
970 1056 972 1064 ἲ

413 1075 569 1154 Splendidd
584 1080 717 1149 mendax,
732 1089 761 1135 et
774 1079 804 1135 in
818 1097 904 1136 omne
918 1080 997 1156 virgo

609 1155 723 1214 Nobilis
738 1176 846 1216 aevum:

413 1240 432 1267 “
442 1237 562 1313 Surge,''
577 1254 640 1311 quae
654 1237 725 1293 dixit
736 1236 834 1311 juveni
848 1237 959 1311 marito,

413 1320 431 1347 “
439 1316 540 1391 Surge,
555 1335 592 1373 ne
605 1316 708 1391 longus
722 1316 773 1373 tibi
787 1335 914 1390 somnus,
929 1317 1007 1374 unde

411 1394 480 1454 Non
494 1396 586 1467 times,
600 1396 699 1452 detur:
721 1414 852 1452 socerum
866 1408 895 1453 et
908 1397 1044 1455 scelestas

607 1473 688 1531 Falle
702 1493 828 1544 sorores3

410 1553 498 1626 Quae,
511 1553 588 1610 velut
602 1564 694 1610 nactae
708 1552 810 1611 vitulos
822 1554 932 1627 leaenae,
942 1543 955 1601 l

413 1633 557 1708 Singulos,
571 1632 661 1689 eheul
683 1632 817 1689 lacerant.
859 1632 933 1709 Ego,
946 1632 1002 1691 illis

413 1711 539 1784 Mollior,
552 1730 607 1767 neo
621 1721 650 1767 te
664 1710 772 1782 feriam,
786 1729 879 1785 neque
893 1713 968 1770 intra

611 1788 742 1845 Claustra
756 1791 868 1848 tenebo.

413 1866 464 1925 Me
477 1877 557 1944 pater
571 1867 652 1924 saevis
665 1877 764 1924 oneret
779 1869 897 1941 catenis,

411 1944 503 2008 Quod
517 1947 576 2003 viro
590 1947 717 2003 clemens
731 1947 835 2004 misero
848 1947 980 2023 peperci3

413 2026 463 2084 Me
477 2026 521 2084 vel
535 2038 676 2083 extremos
689 2024 881 2083 Numidarum
896 2028 926 2085 in
940 2046 1023 2105 agros

611 2105 710 2163 Classe
725 2106 840 2181 releget.

412 2187 427 2244 I
441 2186 529 2263 pedes
542 2181 599 2259 qud
613 2194 641 2241 te
655 2186 769 2259 rapiunt
782 2198 811 2242 et
825 2205 910 2258 aurae,

411 2265 489 2323 Dum
504 2265 577 2322 favet
590 2283 647 2321 nox
660 2274 689 2321 et
702 2265 820 2322 Venus:
841 2265 851 2321 i
865 2266 994 2325 secundo

411 2343 528 2417 Omine,
543 2354 571 2401 et
585 2344 673 2400 nostri
686 2362 842 2401 memorem
856 2345 986 2420 sepulcro

609 2422 712 2499 Soalpe
726 2424 898 2501 querelam.’'

595 2610 902 2621 ————-

669 2735 753 2793 ODE
773 2736 829 2795 IX.

551 2875 591 2913 An
612 2874 735 2913 FONTEM
755 2875 942 2916 BANDUSIUM.
1011 2906 1015 2915 .

412 2978 441 3037 0
456 2994 531 3035 sons
546 2974 709 3046 Bandusiae‚
723 2975 897 3051 splendidior
911 2976 993 3050 vitro,

411 3055 497 3115 Didoi
511 3056 597 3132 digne
611 3073 689 3111 mero
703 3074 760 3111 non
776 3056 837 3112 sine
852 3055 978 3131 floribus,

608 3134 680 3190 Cras
694 3135 845 3191 donaberis
859 3134 951 3207 haedo,

569 3212 625 3270 Cui
640 3213 717 3269 frons
730 3215 844 3290 turgida
858 3215 993 3272 cornibus

410 3292 524 3364 Primis
538 3304 566 3350 et
580 3293 724 3349 Venerem
737 3303 766 3349 et
779 3293 878 3369 proelia
892 3294 1033 3352 destinat:

410 3371 544 3442 Frustrd5
565 3391 632 3428 nam
645 3370 754 3446 gelidos
768 3372 876 3429 inliciet
889 3373 940 3430 tibi

563 3458 566 3463 ’
607 3450 709 3506 Rubro
723 3452 863 3525 sanguine
877 3452 951 3509 rivos

569 3527 682 3584 Lasoivi
697 3529 807 3585 soboles
821 3529 924 3603 gregis.

393 3644 395 3663 r
410 3608 457 3667 Te
471 3607 617 3684 flagrantis
632 3616 709 3662 atrox
728 3607 798 3662 hora
811 3607 959 3662 Caniculae

392 3685 393 3694 ’
409 3687 512 3746 Nescit
524 3696 657 3761 tangere:
679 3694 709 3740 tu
724 3683 811 3760 srigus
826 3685 947 3744 amabile

607 3763 704 3820 Fessis
718 3783 829 3822 vomere
844 3765 932 3822 tauris

567 3844 681 3902 Praebes
694 3855 722 3900 et
735 3845 832 3920 pecori
845 3864 924 3921 vago.

409 3923 477 3982 Fies
491 3924 628 3982 nobilium
642 3934 673 3980 tu
687 3943 797 3999 quoque
812 3925 952 3996 fontium,

411 4001 462 4062 Me
476 4004 590 4061 dicente
604 4003 682 4060 cavis
695 4004 855 4078 impositam
866 4004 963 4061 ilicem

607 4078 699 4154 Sexis,
714 4084 791 4138 unde
805 4084 938 4158 loquaces

568 4161 704 4237 Lymphae
719 4162 855 4219 desiliunt
868 4173 933 4218 tuas.

1021 4277 1067 4402 f„
