3084 4900
673 614 738 662 ARS
756 615 912 665 POETICA.

374 759 524 817 AEmilium
537 757 616 815 circa
629 756 728 815 ludum
743 758 821 815 saber
835 757 909 816 imus
922 770 952 817 et
966 780 1076 837 ungues

334 838 483 915 Exprimet
496 848 525 895 et
538 838 638 896 molles
652 838 807 895 imitabitur
822 856 876 895 aere
891 841 1007 915 capillos
1015 861 1023 912 ;

334 918 439 977 Infelix
451 918 545 993 operis
555 918 677 989 summai,
691 917 757 992 quia
770 936 876 992 ponere
890 929 979 977 totum

334 997 473 1055 Nesciet:
495 998 572 1053 hunc
586 1013 640 1071 ego
654 1015 710 1067 me,
725 997 831 1071 siquid
845 1017 1017 1074 componere
1031 1020 1129 1059 ourern

334 1076 404 1135 Non
418 1073 510 1152 magis
523 1095 586 1132 esse
600 1075 693 1148 velim,
708 1074 794 1151 quam
808 1094 894 1150 pravo
907 1078 1000 1136 vivere
1015 1099 1095 1155 naso,

335 1156 531 1234 Spectandum
544 1155 632 1231 nigris
645 1155 745 1227 oculis,
760 1154 897 1230 nigroque
912 1158 1021 1233 capillo.

376 1235 488 1292 Sumite
501 1233 649 1291 materiam
664 1235 772 1306 vestris,
787 1235 836 1310 qui
851 1236 982 1310 scribitis,
998 1256 1108 1313 requam

334 1315 468 1385 Viribus;
491 1325 520 1371 et
531 1325 639 1370 versate
653 1313 702 1369 diu
716 1314 784 1389 quid
799 1314 871 1371 serre
886 1328 1028 1389 recusent,

334 1394 416 1458 Quid
430 1394 542 1451 valeant
555 1393 682 1450 humeri:
704 1393 752 1449 cui
765 1393 842 1450 lecta
851 1406 982 1469 potenter
997 1398 1051 1454 erit
1064 1417 1119 1471 res,

334 1473 400 1531 Nee
414 1473 549 1530 facundia
563 1473 673 1529 deseret
687 1473 774 1545 hunc,
790 1492 844 1529 nec
859 1474 970 1531 lucidus
983 1477 1061 1533 ordo,

374 1552 494 1610 Ordinis
508 1553 570 1608 haec
583 1551 670 1608 virtus
684 1552 737 1608 erit
750 1563 780 1609 et
793 1571 892 1625 venus,
907 1564 956 1611 aut
969 1574 1024 1630 ego
1037 1555 1127 1631 fallor,

334 1630 374 1689 Ut
385 1632 444 1708 jam
459 1650 537 1688 nunc
552 1630 638 1702 dicat,
650 1630 709 1707 jam
724 1649 804 1687 nunc
818 1632 952 1690 debentia
965 1634 1022 1690 dici

334 1712 474 1786 Pleraque
487 1709 608 1782 differat,
623 1721 651 1767 et
664 1729 790 1785 praesens
804 1711 834 1766 in
848 1721 960 1787 tempus
973 1713 1091 1771 omittat

375 1790 413 1848 In
426 1789 518 1848 verbis
531 1789 618 1846 etiarn
632 1788 726 1846 tenuis
740 1800 897 1864 cautusque
911 1791 1048 1864 serendis,

335 1869 403 1928 Hoc
416 1879 501 1943 amet,
516 1870 571 1926 hoc
585 1879 699 1945 spernat
712 1868 842 1944 promissi
857 1869 992 1927 carminis
1007 1882 1114 1930 auctor.

334 1948 449 2012 Dixeris
462 1944 588 2025 egregie,
603 1959 701 2005 notum
716 1947 740 2004 si
754 1947 857 2004 callida
868 1949 985 2005 verbum

334 2029 506 2087 Reddiderit
517 2027 651 2103 junctura
665 2046 778 2084 novum.
821 2028 852 2085 Si
866 2026 938 2086 forte
953 2048 1071 2087 necesse
1084 2042 1129 2089 est

335 2107 455 2166 Iudiciis
469 2117 625 2165 monstrare
639 2107 802 2165 recentibus
816 2108 912 2165 abdita
925 2128 1029 2183 rerum,

334 2188 460 2264 Fingere
474 2187 608 2245 cinctutis
622 2206 680 2244 non
694 2188 828 2243 exaudita
842 2188 978 2264 Cethegis

335 2267 505 2343 Continget:
526 2266 694 2342 dabiturque
708 2267 825 2324 licentia
839 2279 950 2343 sumpta
960 2268 1119 2343 pudenter:

335 2345 373 2404 Et
386 2365 459 2404 nova
473 2345 594 2420 fictaque
607 2365 698 2422 nuper
713 2347 861 2404 habebunt
874 2347 959 2404 rerba
972 2348 1068 2421 tidem,
1081 2350 1105 2407 si

334 2426 438 2485 Graeco
452 2425 528 2484 fonte
543 2426 656 2498 cadant,
667 2423 753 2501 parce
768 2425 886 2484 detorta.
927 2425 1009 2487 Quid
1024 2439 1119 2487 autem

334 2506 453 2563 Caecilio
466 2505 623 2578 Plautoque
636 2505 715 2562 dabit
729 2505 880 2562 Romanus
894 2505 1057 2582 ademptum

334 2585 456 2662 Virgilio
470 2584 633 2658 Varioquel
653 2603 707 2658 ego
721 2601 783 2655 cur,
798 2585 944 2659 acquirere
954 2604 1047 2660 pauca

334 2665 367 2722 Si
380 2682 506 2740 possum,
520 2663 657 2734 iuvideor,
671 2681 758 2736 quum
772 2663 871 2737 lingua
884 2663 1002 2721 Catonis
1015 2676 1044 2721 et
1059 2665 1137 2723 Enni

334 2745 504 2801 Sermonem
517 2741 639 2815 patrium
654 2741 793 2813 ditailerit,
807 2753 836 2798 et
849 2752 923 2799 nova
936 2762 1030 2800 rerum

334 2822 463 2881 Nomina
475 2820 642 2896 protuleritl
682 2819 779 2877 Licuit
792 2840 958 2896 semperque
971 2822 1069 2880 licebit
1087 2821 1090 2825 ’

334 2903 486 2978 Signatum
500 2911 638 2974 praesente
653 2900 721 2957 noti
734 2901 891 2975 producere
905 2920 1019 2962 nornen.

334 2981 373 3039 Ut
387 2981 464 3037 silvae
479 2978 552 3036 foliis
565 2998 669 3054 pronos
683 2991 828 3060 mutantur
842 2981 873 3037 in
887 3000 987 3053 annos,

334 3059 431 3119 Prima
445 3059 552 3115 cadunt
560 3078 568 3127 ;
589 3058 628 3115 ita
641 3059 791 3115 verborum
806 3070 886 3117 vetus
899 3060 995 3118 interit
1009 3071 1086 3135 aetas,

334 3141 373 3198 Ilt
383 3140 520 3215 juvenum
534 3138 590 3194 ritu
603 3136 705 3195 florent
718 3136 804 3196 modd
818 3150 894 3212 nata,
906 3141 1067 3216 vigentque,

335 3219 480 3277 Debemur
495 3218 577 3274 morti
593 3237 645 3275 nos
658 3229 826 3293 nostraque;
848 3219 906 3276 sive
917 3233 1049 3297 receptus
1077 3214 1091 3253 s'

334 3292 429 3356 Terra
443 3297 596 3372 Neptunus
610 3297 716 3354 classes
730 3298 921 3372 Aquilonibus
935 3310 1022 3371 arcet,

334 3377 427 3454 Regis
439 3395 527 3452 opus;
549 3376 706 3451 sterilisque
720 3376 770 3432 diu
783 3377 876 3452 palus,
891 3389 1010 3454 aptaque
1023 3377 1119 3450 remis,

334 3457 453 3515 Vicinas
467 3455 551 3512 urbes
565 3455 614 3511 alit
626 3466 656 3512 et
668 3474 753 3530 grave
768 3456 854 3512 sentit
867 3470 989 3514 aratrum
1002 3477 1009 3526 ;

335 3538 395 3596 Seu
409 3553 525 3593 cursum
538 3534 657 3591 mutavit
671 3534 801 3608 iniquum
816 3535 945 3610 frugibus
958 3536 1060 3608 amnis,

334 3615 445 3675 Doctus
458 3614 511 3671 iter
525 3612 635 3670 melius.
676 3611 810 3670 Mortalia
824 3612 899 3670 facta
911 3615 1060 3689 peribunt;

333 3694 452 3754 Nedum
466 3711 630 3750 sermonum
645 3702 699 3748 stet
713 3693 815 3765 honos
830 3702 859 3749 et
872 3694 963 3768 gratia
976 3693 1066 3751 vivax.

335 3774 429 3832 Multa
441 3781 627 3830 renascentur
641 3790 703 3849 quae
714 3771 774 3847 jam
788 3770 931 3846 cecidere,
945 3773 1106 3849 cadentque

333 3855 411 3917 Quae
425 3870 504 3910 nunc
518 3849 629 3908 suntin
644 3852 760 3923 honore,
775 3850 922 3924 vocabula,
936 3852 960 3908 si
974 3851 1049 3910 volet
1062 3871 1139 3924 usus,

333 3934 432 3997 Quem
446 3949 535 4007 penes
549 3930 696 3988 arbitrium
709 3942 753 3988 est
766 3941 796 3988 et
806 3932 854 4007 jus
867 3943 896 3989 et
909 3951 1009 3989 norma
1022 3923 1202 4008 loquendis

374 4013 437 4070 Res
450 4021 538 4087 gestae
552 4029 708 4086 regumque
722 4011 884 4087 ducumque
908 4022 938 4068 et
950 4012 1040 4068 tristia
1054 4012 1128 4069 bella

333 4093 404 4155 Quo
417 4089 503 4148 scribi
516 4101 633 4165 possent
643 4108 769 4160 numero,
777 4090 942 4148 monstravit
956 4090 1108 4149 Homerus.

374 4169 514 4230 Versibus
527 4168 671 4245 impariter
682 4168 791 4246 junctis
804 4169 982 4245 querimonia
992 4167 1128 4247 primitm,

1131 1049 1141 1077 θ
