3084 4900
314 613 368 669 154
631 609 662 666 Q.
680 608 826 657 HORATII
843 608 967 657 FLACCl

349 751 525 825 Praeconem,
535 752 614 809 tenui
629 770 727 824 censu,
742 751 804 808 sine
819 751 939 809 crimine
951 760 1051 808 notum
1059 770 1067 821 ;
1259 750 1301 810 55

350 830 388 888 Et
400 849 549 906 properare
562 831 635 904 loco,
649 841 678 887 et
691 850 813 903 cessare,
827 841 856 887 et
869 848 1005 905 quaerere,
1019 841 1048 888 et
1061 828 1113 902 uti,

349 910 530 967 Gaudentem
543 910 690 987 parvisque
705 910 849 967 sodalibus
863 920 891 966 et
905 910 963 966 lare
978 920 1064 982 certo,

350 987 388 1046 Et
401 989 485 1060 ludis,
500 999 538 1061 et,
552 1000 615 1065 post
628 989 725 1045 decisa
739 989 862 1063 negotia,
877 988 995 1063 Campo.

351 1072 368 1097 “
382 1067 486 1125 Scitari
499 1068 569 1125 libet
582 1088 618 1125 ex
631 1068 692 1142 ipso
705 1085 882 1141 quaecunque
895 1066 1000 1124 resers:
1022 1065 1069 1123 dic

350 1147 398 1204 Ad
413 1165 524 1204 coenam
538 1147 640 1203 veniat
642 1147 659 1173 ''
701 1145 768 1202 Non
784 1144 852 1201 sane
868 1146 984 1202 credere
999 1143 1108 1201 Mena:
1260 1146 1301 1203 60

350 1224 451 1283 Mirari
464 1245 561 1282 secum
572 1226 683 1283 tacitus
723 1224 806 1284 Quid
820 1223 959 1280 multal‘
919 1220 1147 1299 l‘Benigrrcss'

350 1304 526 1380 Respondet.
568 1304 694 1379 “Neget
708 1302 755 1359 ille
769 1303 861 1359 mihil
897 1301 1024 1378 ‘Negat
1038 1303 1192 1378 improbus,
1207 1313 1236 1360 et
1251 1314 1280 1361 te

350 1381 488 1458 Negligit‚
503 1394 551 1439 aut
564 1383 686 1440 horret.”
729 1382 824 1440 Vult
788 1392 876 1438 terum
890 1401 974 1438 mane
963 1379 1138 1459 Philippus

350 1461 427 1518 Vilia
440 1462 610 1518 vendentem
624 1461 752 1518 tunicato
765 1472 843 1517 scrut
844 1480 861 1517 a
874 1461 984 1536 popello

349 1538 493 1615 Occupat,
507 1551 535 1597 et
548 1541 655 1597 salvere
666 1540 747 1615 jubet
760 1540 844 1615 prior.
886 1538 938 1596 Ille
953 1539 1084 1617 Philippo
1261 1542 1302 1598 65

350 1618 495 1676 Excusare
509 1619 634 1676 laborem
647 1630 676 1676 et
690 1619 867 1676 mercenaria
880 1618 983 1691 vincla,

349 1695 440 1759 Quod
453 1717 511 1755 non
525 1695 610 1756 mane
625 1699 741 1755 domum
755 1699 891 1769 venissem
912 1698 1045 1773 denique,
1059 1694 1133 1773 qudd
1148 1717 1207 1755 non

349 1777 521 1835 Providisset
533 1796 608 1835 eum.
650 1778 749 1834 “Sic
742 1778 882 1853 ignovisse
896 1788 993 1853 putato

349 1854 400 1913 Me
413 1857 510 1929 tibi‚'
489 1877 512 1913 si
526 1876 623 1915 coenas
637 1855 721 1914 hodie
735 1876 858 1914 mecum.
861 1858 877 1883 '’
920 1861 937 1887 “
949 1856 988 1914 Ut
1000 1855 1078 1914 libet
1080 1856 1097 1883 '¹
1139 1860 1158 1887 “
1172 1855 1250 1933 Ergo

350 1936 417 1993 Post
429 1955 535 1994 nonam
549 1936 662 1995 venies:
683 1936 796 2008 nunci‚
811 1955 870 1993 rem
885 1946 1016 1992 strenuus
1030 1935 1131 2011 augess’
1261 1938 1301 1993 70

349 2013 388 2072 Ut
402 2025 517 2071 ventum
531 2016 567 2072 ad
581 2034 693 2072 coenam
708 2025 760 2086 est,
775 1983 898 2071 dicenda
911 2015 1033 2071 tacenda
1045 2015 1166 2087 locutus,

350 2092 484 2150 Tandem
499 2093 651 2150 dormitum
665 2093 823 2150 dimittitur.
865 2093 934 2165 Hic,
949 2094 998 2150 ubi
1012 2090 1087 2170 saepb

349 2171 505 2229 Occultum
518 2172 595 2228 visus
609 2172 760 2228 decurrere
775 2171 861 2247 piscis
876 2173 911 2228 ad
926 2174 1052 2245 hamum,

350 2248 438 2308 Mane
453 2250 554 2322 ollem,
569 2260 597 2307 et
607 2250 667 2325 jam
681 2260 776 2307 certus
790 2250 917 2321 conviva,
929 2250 1043 2325 jubetur

350 2329 432 2386 Rura
445 2330 608 2386 suburbana
622 2328 738 2387 indictis
752 2348 849 2386 comes
862 2329 904 2386 ire
918 2328 1036 2387 Latinis.

348 2407 502 2486 Impositus
515 2408 628 2466 mannis
642 2427 739 2466 arvum
754 2408 913 2484 coelumque
929 2408 1068 2466 Sabinum

349 2487 379 2544 N
381 2509 418 2546 on
432 2500 526 2546 cessat
538 2489 663 2547 laudare.
703 2488 801 2561 Videt,
815 2488 943 2563 ridetque
958 2489 1122 2566 Philippus:

349 2568 396 2641 Et,
411 2568 465 2627 sibi
479 2569 547 2625 dum
561 2569 697 2645 requiem,
712 2569 780 2625 dum
795 2569 868 2625 risus
882 2569 1007 2643 undique
1020 2568 1129 2644 quaerit,

348 2647 426 2705 Dum
440 2658 548 2723 septem
562 2649 648 2706 donat
661 2647 799 2720 sestertia,
814 2657 913 2705 mutua
926 2658 1034 2724 septem

349 2727 490 2785 Promittit
492 2729 663 2804 ,persuadet
676 2725 718 2784 uti
732 2737 874 2784 mercetur
888 2728 1020 2803 agellum.

349 2804 511 2864 Mereatur:
532 2826 569 2864 ne
582 2817 611 2864 te
624 2808 717 2883 longis
732 2807 900 2882 ambagibus
914 2803 988 2864 ultra

347 2884 447 2946 Quam
462 2882 530 2943 satis
543 2897 586 2944 est
599 2906 710 2956 morer;
732 2905 768 2943 ex
779 2885 870 2942 nitido
883 2885 915 2942 fit
927 2885 1060 2955 rusticus,
1075 2893 1159 2960 atque

350 2964 452 3021 Sulcos
465 2977 494 3021 et
508 2964 602 3022 vineta
616 2975 713 3039 crepat
726 2982 805 3020 mera
807 2975 966 3053 ,praeparat
979 2930 1080 3035 ulmo’s‚

348 3040 513 3099 Immoritur
528 3043 637 3114 studiis,
652 3055 680 3100 et
694 3062 789 3100 amore
803 3043 927 3098 senescit
940 3041 1072 3099 habendi.

348 3119 458 3178 Verum
472 3120 520 3176 ubi
534 3140 601 3177 oves
615 3121 698 3193 furto,
712 3121 811 3178 morbo
824 3119 935 3195 periere
950 3119 1075 3194 capellae,
1256 3122 1298 3180 85

349 3200 435 3274 Spem
450 3199 568 3255 mentita
581 3218 672 3274 seges,
688 3200 738 3256 bos
749 3212 792 3256 est
805 3209 923 3255 enectus
937 3199 1060 3269 arando;

347 3278 483 3334 Offensus
498 3278 618 3350 damnis,
633 3278 728 3334 medis
742 3278 778 3334 de
792 3288 877 3334 nocte
891 3279 1033 3335 caballum

349 3357 467 3432 Arripit,
482 3356 624 3431 iratusque
640 3357 762 3432 Philippi
777 3357 869 3414 tendit
883 3358 918 3414 ad
933 3359 1017 3414 aedes.

346 3435 446 3497 Quem
460 3435 542 3492 simul
557 3436 666 3511 aspexit
680 3437 813 3493 scabrum
824 3436 1023 3512 intonsumque
1039 3436 1196 3512 Philippus,

347 3518 366 3545 “
379 3514 486 3586 Durus,
488 3516 504 3541 ’¹
521 3515 568 3587 ait,
584 3519 601 3545 “
614 3515 722 3588 Vultei,
737 3516 822 3572 nimis
836 3527 1015 3591 attentusque
1030 3517 1132 3574 videris
1256 3517 1297 3575 90

347 3593 418 3650 Esse
432 3594 529 3650 mihiff’
573 3598 590 3624 “
583 3595 663 3666 ‘‚Pol
677 3615 723 3652 me
738 3595 883 3668 miserum,
898 3607 945 3671 pat
946 3615 1024 3666 rone,
1039 3614 1164 3670 vocares,

348 3673 380 3729 Si
394 3672 508 3745 velleS,’'
521 3673 655 3748 inquit,“
671 3694 767 3731 verum
783 3675 1097 3751 m1h1p011erenomen

346 3750 435 3812 Quod
450 3763 478 3809 te
492 3771 541 3826 per
555 3752 680 3809 Genium
684 3754 899 3827 ‚dextramque
911 3755 1034 3859 deosque
1048 3754 1171 3812 Penates

347 3829 476 3887 Obsecro
491 3842 520 3887 et
532 3831 666 3901 obtestor,
681 3832 744 3888 vitae
758 3851 804 3888 me
818 3833 906 3889 redde
919 3832 1033 3906 priori.”

385 3907 448 3969 Qui
462 3910 549 3966 semel
565 3910 674 3983 aspexit
687 3907 824 3983 quantltm
839 3910 955 3967 dimissa
968 3911 1063 3985 petitis
1257 3912 1298 3970 95

347 3987 495 4059 Praestent,
510 3985 620 4045 mature
635 3988 741 4059 redeat,
752 3999 916 4063 repetatque
932 3991 1039 4048 relicta.

347 4064 444 4122 Metiri
459 4086 489 4123 se
504 4086 643 4141 quemque
659 4085 710 4123 suo
724 4068 840 4125 modulo
854 4087 888 4125 ac
902 4070 975 4145 pede
990 4088 1088 4127 verum
1101 4080 1153 4127 est.
