3084 4900
608 605 638 660 Q.
657 604 805 653 HORATII
820 604 944 652 uLaccl

480 749 621 824 Spargent
633 748 743 805 olivetis
756 749 883 821 odorem,

518 827 672 884 Fertilibus
685 828 801 885 domiuo
814 826 916 903 priori.

440 904 519 963 Tum
533 907 623 982 spissa
635 906 721 964 ramis
734 908 832 964 laurea
846 906 968 964 fervidos

440 984 582 1043 Excludet
595 986 676 1043 ictus.
717 985 786 1043 Non
801 987 840 1042 ita
853 985 971 1041 Romuli

477 1064 676 1139 Praescriptum
690 1075 718 1121 et
732 1064 838 1120 intonsi
852 1063 972 1120 Catonis

518 1142 674 1217 Auspiciis,
687 1153 870 1217 veterumque
884 1140 993 1198 normd.

438 1219 568 1278 Privatus
582 1221 637 1276 illis
650 1239 753 1276 census
767 1231 828 1277 erat
842 1219 943 1291 brevis,

438 1299 598 1356 Commune
612 1318 769 1374 magnum:
791 1299 869 1356 nulla
884 1298 1067 1375 decempedis

477 1375 588 1435 Metata
599 1379 713 1453 privatis
726 1398 845 1454 opacam

517 1455 647 1515 Porticus
661 1458 821 1532 excipiebat
834 1458 966 1515 Arcton:

437 1533 504 1592 Nec
518 1536 662 1593 fortuitum
677 1556 810 1613 spernere
824 1537 961 1612 cespitem

438 1614 531 1689 Leges
544 1615 684 1688 sinebant,
699 1616 803 1691 oppida
816 1616 931 1691 publico
1010 1663 1012 1666 .

478 1694 599 1769 Sumptu
610 1694 744 1770 jubentes
757 1705 786 1751 et
797 1696 915 1753 deorum

515 1772 639 1850 Templa
652 1794 725 1833 novo
739 1776 874 1833 decorare
888 1792 964 1833 saro.

678 2087 763 2145 ODE
777 2086 864 2145 XIII.

654 2221 695 2261 AD
716 2223 886 2263 GROSPIIUM.

436 2323 542 2381 Omma
556 2322 635 2381 divos
648 2333 728 2399 rogat
742 2323 771 2380 in
786 2323 895 2399 patenti

436 2403 561 2462 Prensus
575 2402 686 2479 AEgaeo,
702 2402 785 2460 simul
800 2414 861 2460 atra
874 2403 965 2461 nubes

436 2483 574 2542 Condidit
587 2483 694 2555 lunam,
709 2502 802 2557 neque
816 2495 894 2541 certa
908 2484 1019 2560 fulgent

633 2564 735 2620 Sidera
748 2564 859 2620 nautis:

435 2642 536 2701 Otium
549 2643 624 2701 bello
638 2644 744 2701 furiosa
757 2643 884 2716 Thrace,

337 2726 342 2732 “
435 2722 535 2781 Otium
550 2723 631 2781 Medi
645 2723 778 2799 pharetra
792 2725 898 2797 decori,

435 2803 574 2878 Grosphe,
589 2822 647 2859 non
661 2803 792 2877 gemmIS,
807 2822 899 2876 neque
913 2798 1038 2880 purpurd
1050 2819 1096 2860 vc·

632 2882 708 2952 nale,
725 2899 818 2953 neque
833 2900 909 2938 auro.

434 2957 504 3015 Non
518 2959 595 3015 enim
609 2977 699 3032 gazae,
714 2976 806 3031 neque
821 2959 978 3017 consularis

436 3038 602 3095 Summovet
615 3037 696 3093 lictor
710 3037 829 3093 miseros
843 3038 981 3093 tumultus

435 3115 552 3189 MentIS,
567 3126 595 3173 et
609 3134 692 3171 curas
706 3116 834 3190 laqueata
848 3116 957 3173 circum

632 3193 726 3252 Tecta
741 3195 874 3252 volantes.

435 3273 547 3331 Vivitur
560 3293 645 3349 parvo
660 3274 743 3344 bene,
757 3274 805 3330 cui
819 3285 969 3349 paternum

435 3354 456 3409 S
476 3353 573 3410 lendet
586 3354 615 3409 in
629 3353 729 3409 mensal
744 3354 823 3409 tenui
838 3353 976 3410 salinum:

467 3451 501 3490 ec
514 3432 591 3489 leves
605 3451 719 3489 somnos
733 3432 816 3488 timor
830 3449 879 3490 aut
893 3432 998 3507 cupido

633 3511 771 3568 Sordidus
786 3511 886 3569 aufert.

433 3589 515 3651 Quid
529 3591 607 3649 brevi
622 3592 707 3649 fortes
718 3591 877 3667 jaculamur
892 3611 951 3650 aevo

435 3668 548 3727 llultat
588 3671 669 3732 Quid
684 3681 773 3733 terras
787 3672 842 3728 olio
856 3672 982 3728 calentes

436 3749 501 3806 Sole
515 3751 677 3805 mutamusl
718 3750 820 3806 Patriae
834 3750 897 3824 quis
910 3748 990 3806 exsul

633 3829 671 3884 Se
684 3846 795 3902 quoque
810 3828 901 3903 fugitl

436 3905 555 3963 Scandit
569 3916 668 3962 aeratas
682 3907 781 3962 vitiosa
794 3926 881 3964 naves

435 3985 513 4042 Cura
521 4006 529 4055 ;
550 4004 605 4043 nec
619 3995 726 4041 turmas
739 3986 865 4059 equitum
880 3983 1023 4062 relinquit,

435 4061 524 4123 Ocior
538 4066 639 4136 cervis,
654 4075 682 4121 ct
696 4075 799 4140 agente
813 4065 925 4124 nimbos

631 4143 719 4202 Ocior
735 4143 822 4202 Euro.
