3084 4900
598 572 629 628 Q.
647 571 794 620 HORATII
811 571 934 619 FLACCI
1016 638 1018 643 Ι

646 793 805 851 SATIRA
826 792 878 851 VI.

624 932 664 970 An
685 932 893 970 MAEcENATnm.

307 1032 337 1089 Ν
339 1051 389 1105 ou,
403 1031 479 1106 quia,
493 1030 649 1103 Maecenas‚
664 1030 809 1105 Lydorum
823 1030 961 1105 quidquid
975 1030 1112 1091 Etruscos

307 1111 432 1169 Incoluit
446 1110 528 1183 fines,
542 1129 628 1168 nemo
641 1108 805 1185 generosior
818 1119 862 1165 est
875 1119 903 1165 te
911 1129 919 1178 3

308 1189 338 1246 N
340 1209 374 1247 ec
388 1186 465 1265 qudd
480 1207 548 1246 avus
561 1189 612 1246 tibi
628 1199 774 1244 maternus
788 1187 841 1244 fuit
856 1198 939 1261 atque
953 1199 1091 1264 paternus

308 1268 386 1326 Olim
400 1270 448 1344 qui
463 1269 575 1342 magnis
588 1266 748 1341 legionibus
763 1267 960 1342 imperitarent
968 1287 976 1337 ;

307 1347 346 1404 Ut
359 1347 486 1422 plerique
500 1346 600 1416 solent,
615 1365 684 1402 naso
698 1346 848 1421 suspendis
862 1347 976 1403 adunco

308 1424 435 1501 Ignotos,
450 1435 481 1481 ut
494 1443 540 1480 me
554 1424 685 1481 libertino
699 1436 779 1499 patre
794 1436 911 1481 natum:

306 1506 408 1565 Quum
423 1503 526 1560 referre
540 1522 639 1577 negaS,
653 1504 728 1577 quali
743 1504 780 1560 sit
793 1504 910 1578 quisque
924 1514 1042 1579 parente

307 1582 493 1653 Natus,‘dum
507 1583 657 1658 ingenuus.
700 1582 858 1639 Persuades
872 1585 927 1639 hoc
941 1583 992 1640 tibi
1006 1580 1083 1656 vere,

307 1663 385 1719 Anto
399 1672 565 1737 potestatem
581 1659 661 1718 Tulli
676 1672 759 1736 atque
774 1661 898 1737 ignobile
912 1681 1043 1737 regnum,

308 1740 414 1798 Multos
429 1737 504 1815 saepe
519 1741 592 1798 viros
606 1740 692 1797 nullis
706 1741 859 1816 majoribus
872 1751 948 1798 ortos
1217 1743 1255 1800 lu

308 1819 346 1877 Et
359 1821 460 1876 vixisse
474 1820 586 1896 probos,
601 1821 702 1895 amplis
716 1830 745 1876 et
759 1821 913 1877 honoribus
928 1831 1043 1878 auctos:

307 1897 424 1970 Contra,
439 1898 597 1970 Laevinum,
611 1898 709 1955 Valeri
723 1918 825 1974 genus,
839 1899 916 1955 unde
930 1900 1077 1975 Superbus

307 1977 481 2051 Tarquinius
496 1998 584 2053 regno
597 1978 695 2052 pulsus
710 1978 773 2049 fuit,
788 1978 873 2034 unius
887 1978 957 2033 assis

307 2056 374 2113 Non
389 2075 513 2130 unquam
527 2057 617 2132 pretio
631 2057 718 2129 pluris
732 2055 858 2127 licuisse,
872 2067 988 2113 notante

306 2134 324 2190 J
327 2136 421 2205 udice,
435 2153 519 2209 quem
533 2133 619 2204 ndsti,
634 2134 747 2207 populo,
761 2135 809 2208 qui
823 2135 925 2190 stultus
939 2137 1062 2193 honores
1219 2138 1254 2194 15

308 2211 390 2289 Saepe
406 2215 454 2269 dat
468 2213 594 2288 indignis
607 2222 636 2267 et
650 2212 732 2267 famae
746 2213 831 2269 servit
844 2213 973 2288 ineptus;

306 2290 368 2353 Qui
383 2302 476 2366 stupet
489 2292 518 2348 in
533 2292 621 2347 titulis
635 2301 664 2347 et
678 2291 857 2365 imaginibus
898 2291 980 2352 Quid
1007 2303 1117 2368 oportet

307 2370 369 2428 Nos
384 2371 486 2440 facere,
502 2392 518 2427 a
532 2370 618 2445 vulgo
631 2367 715 2445 longe
731 2368 844 2445 lateque
858 2372 1000 2427 remotosl

306 2450 440 2527 Namque
454 2463 524 2525 esto,
538 2448 657 2526 populus
671 2450 788 2508 Lavino
801 2451 898 2509 mallet
912 2452 1049 2509 honorem

305 2528 405 2592 Quam
419 2530 511 2588 Decio
524 2532 659 2588 mandare
674 2550 762 2599 novo;
784 2549 940 2607 censorque
954 2543 1079 2590 moveret
1214 2533 1255 2591 20

307 2610 428 2686 Appius,
443 2611 568 2686 ingenuo
582 2610 605 2666 si
620 2630 677 2668 non
691 2629 783 2667 essem
797 2623 876 2686 patre
890 2622 990 2668 natus:

307 2690 361 2747 Vel
376 2688 487 2761 meritd,
501 2690 634 2765 quoniam
650 2691 679 2747 in
693 2690 806 2765 propria
821 2710 879 2748 non
893 2691 967 2767 pelle
980 2688 1134 2766 quiessem.

307 2769 365 2825 Sed
380 2769 505 2844 fulgente
519 2771 604 2827 trahit
617 2770 784 2828 constrictos
798 2770 896 2827 Gloria
909 2789 994 2828 curru

307 2846 375 2904 Non
389 2847 485 2906 mimis
499 2849 610 2924 ignotos
624 2850 778 2924 generosis.
818 2847 889 2910 Quo
903 2849 965 2920 tibi,
979 2849 1069 2921 Tulli,

308 2927 428 2983 Sumere
443 2928 600 3002 depositum
616 2929 736 2998 clavum,
752 2927 867 3001 fierique
881 2928 1015 2984 tribunal
1212 2928 1253 2986 25

307 3003 419 3063 Invidia
433 3007 566 3077 accrevit,
581 3007 688 3081 privato
701 3024 764 3080 quae
779 3006 870 3062 minor
884 3017 976 3074 esset;

307 3082 396 3155 Nam,
411 3096 441 3141 ut
454 3085 571 3158 quisque
586 3086 703 3140 insanus
717 3085 807 3158 nigris
822 3084 947 3140 medium
961 3083 1092 3160 impediit
1105 3102 1172 3142 crus

292 3162 443 3234 Pellibus,
457 3173 486 3219 et
499 3163 587 3218 latum
602 3164 715 3219 demisit
727 3173 841 3237 pectore
856 3163 977 3235 clavum,

307 3242 398 3299 Audit
408 3239 555 3312 continuo,
569 3246 585 3271 “
596 3241 672 3303 Quis
683 3243 767 3298 homo
779 3241 826 3297 hic
834 3241 864 3297 l''
881 3253 919 3313 et,
931 3247 949 3272 “
958 3242 1029 3303 Quo
1038 3254 1119 3320 patre
1128 3254 1214 3301 natus
1221 3245 1253 3300 l''

307 3319 355 3392 Ut,
370 3321 393 3377 si
407 3321 455 3394 qui
469 3331 586 3395 aegrotet
599 3340 654 3395 quo
669 3320 766 3377 morbo
780 3319 895 3392 Barrus,
910 3321 1007 3378 haberi
1215 3324 1255 3381 3⁰

307 3400 346 3459 Ut
359 3400 454 3475 cupiat
469 3400 616 3472 formosus,
631 3411 677 3457 eat
690 3400 869 3474 quacunque,
884 3400 985 3474 puellis

308 3479 423 3554 Injiciat
437 3499 533 3537 curam
548 3480 694 3554 quaerendi
708 3479 829 3554 singula,
843 3481 919 3555 quali

309 3559 353 3615 Sit
366 3559 448 3631 facie,
463 3559 529 3615 suria
540 3560 625 3635 quali,
639 3561 722 3635 pede,
737 3559 833 3630 dente,
847 3559 967 3636 capillo:

309 3638 359 3694 Sic
372 3639 419 3713 qui
433 3639 578 3715 promittit,
593 3640 679 3711 cives,
695 3638 801 3695 Urbem
815 3639 868 3696 sibi
882 3658 968 3711 cura,

308 3716 463 3791 Imperium
476 3718 543 3789 sore,
558 3729 586 3774 et
601 3718 723 3788 Italiam,
737 3729 766 3774 et
780 3718 897 3776 delubra
911 3720 1047 3788 deorum;
1215 3719 1256 3778 35

307 3795 377 3856 Quo
390 3808 468 3872 patro
483 3797 518 3852 sit
533 3806 625 3867 natus,
640 3815 709 3853 num
723 3797 821 3871 ignota
834 3807 923 3854 matre
937 3797 1114 3871 inhonestus,

308 3874 420 3932 Omnes
433 3875 565 3932 mortales
579 3894 678 3931 curare
692 3885 721 3931 et
734 3893 860 3948 quaerere
874 3875 1001 3950 cogit.-

309 3951 397 4011 Tune
412 3955 485 4029 Syri,
500 3955 609 4025 Damae,
624 3964 673 4011 aut
687 3953 808 4029 Dionysi
823 3954 906 4026 filius,
921 3955 1010 4012 audes

309 4031 441 4108 Dejicere
456 4052 471 4089 e
486 4052 552 4089 saxo
566 4034 651 4104 cives,
663 4042 711 4089 aut
725 4034 835 4089 tradere
850 4032 1021 4091 Cadmei-

311 4110 351 4171 At
363 4111 474 4173 Novius
489 4112 598 4189 collega
611 4113 699 4190 gradu
714 4123 777 4189 post
793 4132 837 4173 me
851 4113 932 4172 sedet
945 4132 1020 4173 uuo:
1218 4112 1259 4174 40
