3084 4900
517 613 716 662 CARMINUM
734 613 800 661 LlB.
819 613 855 661 11.

611 833 696 891 ODE
709 832 764 891 XI.

563 970 603 1010 AD
617 970 812 1010 POSTHUMUM.

351 1073 456 1132 Eunu!
478 1071 604 1149 fugaces,
619 1070 785 1142 Posthume,
799 1070 964 1145 Posthume,

351 1154 499 1211 Labuntur
513 1152 597 1209 anni:
619 1168 674 1207 nec
688 1150 780 1225 pietas
797 1168 906 1208 moram

389 1230 485 1308 Rugis
498 1241 528 1289 et
541 1230 658 1288 instanti
672 1239 796 1286 senectae

429 1310 550 1383 Afferet,
561 1309 761 1383 indomitaeque
773 1308 864 1366 morti.

350 1389 428 1463 Non,
443 1388 467 1447 si
481 1389 751 1464 trecenis,quotquot
769 1398 840 1445 eunt
852 1386 924 1461 dies,

350 1470 463 1541 Amice,
477 1468 573 1545 places
586 1466 819 1542 illacrymabilem

390 1548 513 1606 Plutona
525 1548 613 1606 tauris
625 1567 631 1617 3
653 1547 702 1622 qui
715 1556 758 1603 ter
772 1526 902 1623 amplum

428 1628 581 1701 Geryonen
595 1626 759 1701 Tityonque
773 1626 845 1683 tristi

350 1706 515 1781 Compescit
528 1705 616 1778 undis,
630 1706 741 1762 scilicet
754 1705 897 1780 omnibus,

349 1784 526 1858 Quicunque
540 1794 621 1841 terrae
635 1802 753 1840 munere
768 1784 919 1855 vescimur,

391 1862 588 1937 Enavigandri,
603 1862 661 1918 sive
675 1880 766 1935 reges,

432 1942 498 1998 Sive
513 1941 612 2015 inopes
625 1941 732 1997 erimus
745 1940 846 1997 coloni.

352 2018 471 2079 Frustra
485 2031 604 2077 cruento
618 2018 712 2076 Marte
728 2020 898 2094 carebimus,

351 2100 516 2175 Fractisque
530 2099 609 2156 rauci
624 2098 757 2157 fluctibus
770 2098 905 2171 Hadriae;

390 2176 508 2255 Frustra
521 2198 571 2254 per
586 2189 737 2236 autumnos
750 2190 905 2237 nocentem

429 2259 601 2334 Corporibus
614 2269 774 2316 metuemus
789 2258 937 2319 Austrum.

349 2338 495 2396 Visendus
509 2348 568 2396 ater
581 2337 698 2395 flumine
712 2338 848 2413 languido

350 2417 475 2494 Cocytus
488 2437 596 2491 errans,
610 2427 639 2475 et
652 2416 748 2475 Danai
761 2436 855 2494 genus

391 2498 512 2569 Infame‚
527 2498 733 2572 damnatusque
746 2498 825 2573 longi

430 2577 568 2651 Sisyphus
583 2576 711 2633 AEolides
724 2576 838 2634 laboris.

349 2655 521 2730 Linquenda
533 2654 627 2725 tellus,
641 2664 670 2710 et
684 2655 795 2725 domus,
809 2665 839 2712 et
851 2656 967 2732 placens

350 2734 447 2792 Uxor:
469 2751 562 2808 neque
576 2733 677 2788 harum
691 2751 761 2807 quas
776 2733 846 2791 colis
860 2735 991 2796 arborum

389 2812 447 2884 Te,
461 2823 562 2887 praeter
576 2812 681 2869 invisas
695 2830 854 2888 cupressos,

429 2891 494 2949 Ulla
509 2891 620 2948 brevem
634 2892 781 2949 dominum
795 2904 937 2970 sequetur.

351 2973 492 3030 Absumet
505 2972 595 3029 haeres
610 2971 736 3029 Caecuba
752 2973 864 3048 dignior

351 3051 469 3110 Servata
482 3062 599 3109 centum
613 3050 754 3121 clavibus;
776 3064 805 3109 et
818 3072 897 3111 mero

391 3130 499 3207 Tinget
511 3131 704 3207 pavimentum
718 3132 872 3207 superbum

428 3209 600 3268 Pontificum
613 3210 721 3286 potiore
735 3211 833 3268 coenis.

477 3661 510 3700 ΙΝ
531 3661 578 3702 wl
600 3661 712 3702 SAECULI
733 3662 899 3704 LUXURIAM·

351 3764 415 3821 Jnm
435 3782 527 3839 pauca
541 3772 633 3819 aratro
644 3761 745 3839 jugera
758 3764 844 3838 rogiae

351 3842 444 3901 Moles
458 3839 634 3917 relinquent:
655 3843 781 3918 undique
795 3842 880 3902 latius

389 3922 514 3979 Extenta
528 3923 652 3979 visentur
666 3922 793 3980 Lucrino

430 4002 540 4076 Stagna
553 4001 634 4072 lacu3
655 4001 842 4077 platanusque
855 4002 964 4062 coelebs

351 4078 473 4138 Evincet
485 4082 593 4138 ulmos:
614 4092 674 4138 tum
689 4081 804 4139 violaria
818 4092 847 4138 et

352 4157 475 4234 Myrtus,
490 4170 518 4218 et
531 4161 623 4217 omnis
637 4161 719 4237 copia
733 4161 844 4218 narium
