3084 4900
302 595 378 654 ,146
645 592 676 648 Q·
695 590 841 640 HORATII
858 589 981 640 FLACCI

395 733 487 798 Quod
501 735 524 793 si
538 754 584 793 me
597 735 718 811 populus
733 735 884 793 Romanus
898 731 969 791 sorte
984 744 1064 810 roget
1077 753 1128 793 cur
1244 763 1247 767 ⁴
1268 736 1308 794 70

358 814 436 887 Non,
451 825 482 872 ut
494 815 658 890 porticibus
673 815 715 872 sic
727 815 843 892 judiciis
857 815 932 870 fruar
946 813 1049 885 isdem,

357 893 424 951 Nec
437 913 538 969 sequar
552 905 600 951 aut
614 894 721 970 fugiam
734 899 797 969 qnae
812 894 911 969 deligit
925 894 985 969 ipse
999 893 1042 949 vel
1055 893 1130 951 odit:
1194 905 1197 909 “

357 972 436 1031 Olim
450 974 524 1049 quod
539 974 636 1049 vulpes
650 985 754 1051 aegroto
767 984 852 1030 cauta
864 973 940 1029 leoni

357 1052 529 1128 Respondit,
544 1053 680 1110 referam:
703 1052 810 1113 “Quia
824 1071 870 1108 me
885 1050 1003 1126 vestigia
1015 1061 1131 1124 terrent,

357 1131 465 1189 Omnia
477 1142 505 1188 te
520 1133 669 1188 adversum
684 1131 852 1206 spectantia,
866 1130 944 1186 nulla
958 1132 1139 1188 retrorsum.’'
1269 1133 1307 1188 75

358 1211 458 1269 Bellua
469 1211 620 1268 multorum
635 1231 666 1267 es
680 1211 823 1285 capitum:
844 1229 910 1266 nam
921 1210 989 1283 quid
1000 1211 1120 1283 sequarl
1142 1221 1191 1267 aut
1203 1213 1308 1285 queml

357 1290 427 1347 Pars
441 1290 587 1346 hominnm
601 1289 685 1365 gestit
699 1290 860 1347 conducere
873 1288 1004 1364 publica:
1025 1299 1092 1346 sunt
1105 1289 1153 1364 qui

359 1369 470 1425 Crustis
483 1378 512 1425 et
525 1368 615 1443 pomis
629 1369 727 1425 viduas
741 1378 880 1425 venentur
894 1387 1001 1439 avaras,

328 1504 330 1508 ,
358 1446 566 1522 Excipiamque
581 1466 664 1503 senes
677 1466 747 1521 quos
762 1447 792 1503 in
806 1447 910 1503 vivaria
923 1447 1052 1504 mittant:

359 1525 585 1584 Multis'occulto
599 1527 702 1583 crescit
716 1545 761 1583 res
776 1527 891 1583 foenore.
933 1523 1043 1583 Verum

359 1604 438 1677 Esto,
453 1604 515 1661 aliis
529 1605 598 1662 alios
611 1606 696 1662 rebus
710 1606 866 1680 studiisque
880 1605 987 1674 teneri3

361 1684 452 1741 Iidem
466 1684 566 1741 eadem
580 1695 698 1759 possunt
711 1686 808 1741 horam
823 1686 924 1741 durare
938 1684 1112 1764 probantes?

359 1768 378 1794 ‘⁴
389 1763 496 1820 Nullus
508 1764 537 1820 in
551 1764 619 1821 orbe
633 1764 712 1820 sinus
726 1762 803 1821 Baiis
817 1765 952 1839 praelucet
966 1764 1113 1836 amoenis,''

348 1844 392 1900 Si
405 1843 477 1899 dixit
490 1844 577 1916 diveS,
592 1844 671 1900 lacus
685 1853 714 1900 et
727 1863 805 1900 mare
819 1844 905 1899 sentit
919 1861 1043 1900 amorem

359 1922 535 1980 Festinantis
549 1923 626 1992 heri3
648 1923 696 1979 oui
710 1923 734 1979 si
748 1923 848 1979 vitiosa
861 1923 949 1979 libido

359 2000 474 2059 Fecerit
488 2002 656 2078 auspicium,
671 2021 734 2057 cras
750 2002 920 2058 ferramenta
934 2000 1089 2057 Theanum

359 2078 490 2152 Tolletis,
504 2081 583 2137 fabri.
626 2080 731 2137 Lectus
745 2080 866 2155 genialis
881 2081 910 2137 in
925 2079 990 2136 aula
1004 2081 1066 2136 estl

360 2158 412 2215 Nil
426 2159 465 2215 ait
478 2178 540 2216 esse
551 2160 638 2236 prius,
653 2160 755 2215 melius
769 2159 809 2215 nil
824 2159 925 2216 coelibe
939 2160 1014 2228 vitd3

360 2238 392 2294 Si
406 2256 464 2295 non
478 2247 530 2309 est,
542 2238 618 2314 jurat
632 2239 705 2294 bene
720 2238 787 2294 solis
801 2257 863 2294 esse
877 2238 993 2293 maritis.

358 2317 428 2378 Quo
441 2326 555 2378 teneam
569 2318 662 2373 vultus
676 2327 832 2374 mutantem
847 2317 948 2374 Protea
962 2317 1058 2374 uodol

359 2394 440 2458 Quid
454 2398 579 2472 paupert
601 2396 680 2454 ride:
701 2406 793 2454 mutat
806 2395 963 2469 coenacula,
978 2397 1076 2469 lectos,

359 2475 477 2549 Balnea,
491 2486 634 2546 tonsores;
656 2477 800 2534 conducto
813 2476 926 2552 navigio
938 2473 1018 2552 aequd

359 2554 390 2611 N
391 2565 489 2612 auseat
503 2575 537 2612 ac
551 2556 677 2632 locuples
690 2576 774 2630 quem
789 2557 868 2613 ducit
880 2555 959 2631 priva
972 2553 1102 2613 triremis.

400 2635 433 2691 Si
447 2645 573 2692 curtatus
587 2636 718 2711 inaequali
732 2648 846 2694 tonsore
860 2635 977 2710 capillos

360 2712 494 2787 Occurri,
508 2715 602 2772 rides:
624 2715 648 2772 si
663 2713 734 2773 forte
750 2715 889 2772 subucula
902 2734 982 2790 pexae

360 2792 443 2851 Trita
457 2794 555 2852 subest
568 2795 682 2867 tunicae,
697 2795 740 2851 vel
755 2795 779 2851 si
793 2806 860 2870 toga
874 2795 992 2851 dissidet
1006 2794 1105 2869 impar,

360 2871 461 2931 Rides.
501 2873 593 2945 Quid,
608 2893 672 2930 mea
685 2893 771 2948 quum
786 2884 894 2949 pugnat
907 2873 1049 2930 sententia
1062 2889 1160 2929 secum
1171 2889 1180 2940 ;

359 2951 448 3012 Quod
461 2953 550 3029 petiit,
565 2953 673 3028 spernit
681 2973 688 3022 ;
710 2953 812 3027 repetit
825 2951 900 3025 quod
914 2970 1004 3025 nuper
1018 2950 1130 3020 omisit;

266 3098 271 3107 .
360 3030 484 3103 AEstuat,
499 3042 527 3088 et
537 3032 600 3087 vitae
615 3031 793 3088 disconvenit
806 3030 905 3086 ordine
919 3039 994 3097 toto;

360 3107 466 3180 Diruit,
478 3109 609 3180 aedificat,
624 3120 714 3166 mutat
726 3110 863 3183 quadrata
876 3107 1023 3164 rotundisl
1255 3107 1312 3166 100

361 3186 491 3244 Insanirc
504 3199 586 3262 putas
600 3187 737 3244 solemnia
751 3207 806 3257 me,
822 3205 914 3260 neque
928 3186 1014 3259 rides,

360 3265 426 3322 Nec
439 3266 544 3323 medici
559 3266 662 3337 credie,
677 3285 732 3322 nec
746 3265 884 3322 curatoris
897 3284 982 3341 egere

361 3345 389 3401 A
403 3355 521 3420 praetore
534 3345 603 3416 dati,
618 3363 711 3401 rerum
725 3345 814 3402 tutela
828 3364 955 3401 mearum

360 3423 461 3484 Quum
475 3423 523 3496 sis,
538 3434 566 3481 et
579 3421 664 3499 prava
679 3435 789 3481 sectum
804 3424 989 3482 stomacheris
1002 3424 1039 3481 ob
1053 3442 1180 3500 unguem

361 3501 406 3560 De
420 3513 448 3560 te
462 3503 622 3579 pendentis,
637 3514 664 3560 te
678 3504 856 3580 respicientis
869 3504 962 3561 amici.
1257 3502 1312 3561 105

400 3582 449 3639 Ad
463 3602 613 3656 summam,
628 3584 740 3659 sapiens
754 3603 812 3642 uno
826 3584 917 3641 minor
931 3594 974 3641 est
987 3582 1074 3651 Jove;
1096 3581 1185 3654 dives,

361 3658 457 3734 Liber,
471 3663 634 3736 honoratus,
648 3663 777 3739 pulcher,
791 3683 842 3721 rex
855 3663 977 3738 denique
991 3678 1107 3737 regum:

361 3738 510 3819 Praecipud
525 3761 622 3815 sanus,
637 3741 693 3800 nisi
706 3761 794 3818 quum
807 3741 909 3818 pituita
922 3741 1040 3800 molesta
1053 3749 1104 3798 cst.
