3084 4900
289 606 346 665 130
614 604 645 660 Q.
663 603 809 651 HORATll
826 603 949 652 FLAcct

325 744 450 803 Lubrica
464 758 617 803 nascentes
631 746 750 821 implent
764 746 914 821 conchylia
927 746 1009 801 lunae.

326 826 386 881 Sed
399 844 457 882 non
471 844 555 883 omne
570 844 647 882 mare
661 836 703 881 est
717 844 862 900 generosae
877 825 967 881 fertile
983 834 1076 881 testae:

326 901 439 961 Murice
453 903 561 961 Baiano
575 904 673 960 melior
687 903 814 960 Lucrina
827 904 946 978 peloris3

325 982 429 1039 Ostrea
440 981 570 1054 CirceiiS,
586 982 699 1039 Miseno
713 984 842 1040 oriuntur
856 982 968 1050 echini;

325 1060 491 1118 Pectinibus
504 1061 608 1136 patulis
619 1061 707 1136 jactat
718 1080 749 1117 se
763 1060 847 1117 molle
861 1060 1031 1117 Tarentum.

325 1138 390 1197 Nec
404 1140 458 1197 sibi
472 1159 617 1197 coenarum
632 1139 722 1213 quivis
735 1135 842 1195 temere
859 1151 969 1213 arroget
983 1152 1082 1211 artem,

325 1216 394 1276 Non
407 1216 485 1295 prius
499 1218 600 1275 exacta
613 1219 691 1275 tenui
706 1217 815 1274 ratione
829 1237 969 1291 saporum.

325 1295 391 1354 Nec
404 1294 473 1355 satis
486 1308 528 1354 est
542 1297 609 1353 card
622 1297 715 1371 pisces
729 1315 856 1353 averrere
870 1297 970 1353 mensal

325 1374 462 1451 Ignarum
476 1376 578 1451 quibus
591 1386 634 1432 est
644 1375 690 1450 jus
705 1376 807 1451 aptius,
821 1386 850 1432 et
863 1375 965 1449 quibus
979 1376 1050 1432 assis

324 1454 492 1530 Languidus
506 1455 536 1511 in
551 1454 678 1511 cubitum
690 1454 749 1530 jam
763 1473 794 1510 se
808 1455 927 1511 conviva
939 1465 1065 1529 reponet.

324 1534 441 1605 Umber,
456 1545 485 1589 et
499 1533 587 1608 ilignei
601 1534 724 1590 nutritus
738 1533 853 1608 glande,
867 1534 1003 1590 rotundas

325 1612 432 1669 Curvet
445 1632 511 1688 aper
524 1613 621 1669 lances
635 1631 750 1669 carnem
765 1611 879 1669 vitantis
893 1612 1029 1668 inertem:

316 1689 403 1758 ¹Nam
417 1691 546 1749 Laurens
559 1692 651 1748 malus
664 1702 716 1763 est,
731 1692 803 1747 ulvis
816 1702 845 1748 et
859 1692 997 1748 arundine
1011 1692 1134 1768 pinguis.

324 1770 418 1827 Vinea
431 1770 572 1828 submittit
585 1790 701 1846 capreas
715 1790 773 1827 non
788 1790 898 1846 semper
912 1770 1019 1827 edules.

325 1847 481 1906 Foecundae
494 1849 597 1926 leporis
611 1850 723 1925 sapiens
738 1850 891 1907 sectabitur
906 1868 1006 1906 armoe.

324 1927 455 1985 Piscibus
469 1940 551 2005 atque
566 1930 663 1986 avibus
677 1947 740 2003 quae
754 1940 856 1986 natura
868 1939 897 1985 et
912 1929 982 1986 soret
995 1938 1073 2001 aetas,

324 2007 402 2063 Ante
415 2027 511 2064 meum
525 2008 595 2065 nulli
609 2009 700 2082 patuit
713 2007 831 2081 quaesita
844 2008 977 2083 palatum.

325 2087 400 2142 Sunt
413 2106 532 2161 quorum
546 2086 693 2162 ingenium
707 2105 781 2143 nova
794 2085 905 2144 tantbm
919 2086 1045 2144 crustula
1057 2086 1169 2163 promit.

323 2163 512 2240 Nequaquam
526 2163 594 2222 satis
608 2165 638 2222 in
652 2183 682 2221 re
696 2164 754 2220 unit
768 2184 937 2222 consumere
951 2185 1066 2223 curam:

323 2241 362 2300 Ut
376 2244 399 2299 si
413 2244 475 2319 quis
489 2241 580 2301 solbm
594 2245 658 2314 hoc,
672 2242 747 2299 mala
760 2262 798 2299 ne
812 2243 869 2300 sint
882 2244 956 2317 vina,
970 2244 1078 2304 laboret

322 2322 412 2382 Quali
426 2322 576 2397 perfundat
589 2323 681 2398 pisces
695 2341 813 2379 securus
826 2322 907 2380 olivo.

325 2399 450 2459 Massica
463 2400 488 2460 si
502 2402 575 2461 coelo
589 2421 731 2478 supponas
745 2401 811 2460 vina
825 2420 935 2474 sereno,

324 2478 485 2554 Nocturna,
499 2481 603 2557 siquid
617 2483 704 2538 crassi
718 2494 770 2553 est,
785 2482 947 2539 tenuabitur
961 2483 1041 2555 aurit,

324 2559 362 2617 Et
376 2560 495 2618 decedet
508 2561 575 2619 odor
589 2562 683 2618 nervis
696 2562 846 2630 inimicus;
867 2573 896 2618 at
909 2561 957 2619 illa

324 2637 472 2716 Integrum
486 2641 609 2717 perdunt
622 2641 681 2701 lino
695 2641 792 2698 vitiata
806 2660 942 2717 saporem.

273 2764 280 2769 .
324 2719 493 2778 Surrentina
506 2721 582 2778 valer
596 2721 644 2797 qui
658 2720 760 2777 miscet
775 2721 846 2777 faece
860 2720 983 2777 Falerni

323 2798 410 2870 Vina,
424 2799 586 2858 columbino
599 2801 697 2857 limum
713 2801 785 2857 bene
800 2799 907 2874 colligit
921 2819 990 2870 ov0;

322 2877 477 2938 Quatenus
490 2879 548 2935 ima
560 2880 630 2954 petit
641 2879 754 2936 volvens
768 2878 861 2934 aliena
875 2878 994 2934 vitellus.

323 2955 421 3013 Testis
434 2969 609 3014 marcentem
623 2957 730 3033 squillis
744 2956 886 3013 recreabis
900 2967 928 3012 et
941 2957 1014 3013 Atra

323 3033 455 3093 Potorem
469 3036 604 3104 cochled3
626 3055 693 3093 narn
707 3036 820 3092 lactuca
834 3035 943 3091 innatat
956 3035 1015 3091 acri

323 3112 390 3172 Post
404 3114 500 3170 vinum
515 3115 675 3172 stomacho:
696 3113 787 3188 perna
800 3108 891 3187 magis
905 3132 940 3168 ac
953 3109 1044 3189 magis
1059 3114 1134 3172 hillis

322 3190 446 3267 Flagitat
459 3192 488 3249 in
503 3211 612 3249 morsus
626 3192 720 3260 relici;
742 3191 811 3266 quin
825 3191 921 3249 omnia
935 3193 1023 3264 malit,

321 3270 513 3345 Quaecunque
527 3271 680 3328 immundis
692 3271 799 3327 servent
813 3269 889 3326 illata
902 3271 1023 3347 popinis.

322 3347 375 3406 Est
387 3368 479 3424 operae
493 3349 615 3425 pretium
630 3349 752 3425 duplicis
765 3369 935 3425 pernoscere
946 3349 1018 3425 juris

322 3426 479 3485 Naturam:
501 3428 621 3504 simplex
633 3448 650 3485 e
664 3428 741 3485 dulci
755 3438 867 3486 constat
880 3429 962 3502 olivo,

320 3506 409 3566 Quod
424 3507 524 3584 pingui
538 3507 659 3565 miscere
673 3528 752 3566 mero
766 3509 915 3583 muridque
930 3509 1053 3582 decebit,

322 3584 390 3643 Non
405 3587 460 3644 atis
474 3585 558 3661 qurim
573 3587 629 3662 qud
643 3588 785 3662 Byzantia
798 3589 905 3665 putruit
918 3607 993 3645 orca.

322 3663 389 3722 Hoc
403 3665 451 3722 ubi
465 3666 614 3723 confusum
631 3668 715 3724 sectis
730 3667 865 3724 inferbuit
879 3666 983 3738 herbis,

321 3743 498 3820 Corycioque
513 3764 596 3802 croco
611 3765 737 3821 sparsum
752 3747 837 3817 stetit,
852 3746 966 3820 insuper
980 3745 1068 3802 addes

321 3821 423 3881 Pressa
436 3824 608 3881 Venafranae
622 3826 697 3899 quod
712 3825 801 3880 bacca
814 3823 922 3880 remisit
935 3823 1023 3881 olivae.

322 3901 437 3959 Picenis
451 3903 557 3959 cedunt
571 3903 660 3977 pomis
674 3902 809 3959 Tiburtia
819 3921 921 3970 succo;

321 3979 399 4038 Nam
415 3981 486 4038 facie
500 3991 642 4056 praestant,
684 3981 836 4037 Venucula
849 3981 982 4038 convenit
995 3981 1057 4040 ollis
1065 4002 1073 4052 ς

321 4057 445 4118 Rectiirs
459 4061 602 4117 Albanam
618 4060 695 4117 fumo
709 4060 853 4116 duraveris
867 4079 958 4117 uvam.

322 4137 408 4197 Hanc
422 4158 475 4216 ego
489 4157 555 4196 cum
569 4139 660 4212 malis,
675 4158 729 4216 ego
744 4138 843 4197 faecem
857 4139 963 4216 primus
977 4151 1006 4198 et
1017 4140 1109 4214 halec,
