3084 4900
528 610 734 659 SATIRARUM
753 610 818 657 LIB.
836 611 871 659 ll.
889 613 913 660 2.

262 753 418 813 Miscueris
431 753 515 825 elixa,
530 753 613 811 simul
629 754 780 829 conchylia
792 754 897 824 turdis;

262 834 371 891 Dulcia
384 853 415 891 se
428 834 458 890 in
473 834 559 890 bilem
574 844 691 905 vertent,
706 835 907 909 stomachoque
922 834 1075 893 tumultum

262 913 359 971 Lenta
373 912 565 987 feretpituita.
600 913 690 969 Vides
705 923 735 969 ut
748 913 871 988 pallidus
884 914 977 970 omnis
1174 916 1213 972 75

261 992 357 1049 Coena
369 993 503 1067 desurgat
517 992 604 1048 dubia
616 993 627 1047 l
658 991 740 1052 Quin
755 1011 858 1068 corpus
872 1005 1007 1049 onustum

262 1070 414 1128 Hesternis
428 1071 500 1127 vitiis
515 1070 640 1126 animum
655 1089 764 1145 quoque
778 1083 934 1146 praegravat
948 1072 1017 1145 unt,

262 1154 360 1224 Atque
374 1150 472 1225 affligit
483 1150 570 1206 humo
585 1150 687 1206 divinas
701 1150 870 1225 particulam
884 1169 968 1208 aurae.

262 1228 356 1299 Alter,
371 1229 420 1285 ubi
435 1229 511 1284 dioto
524 1225 609 1285 citius
623 1240 722 1285 curata
735 1229 828 1305 sopori

263 1307 397 1365 Membra
411 1307 498 1378 dedit,
513 1318 629 1382 vegetus
642 1308 806 1384 praescripta
820 1307 855 1365 ad
871 1310 970 1366 munia
983 1309 1081 1385 surgit.
1174 1308 1214 1366 80

262 1386 324 1443 Hic
337 1396 433 1443 tamen
448 1386 483 1442 ad
497 1387 599 1444 melius
611 1387 714 1462 poterit
727 1397 920 1445 transcurrere
934 1391 1095 1463 quondam:

264 1465 334 1523 Sive
348 1465 424 1521 diem
436 1465 537 1523 festum
551 1466 664 1522 rediens
679 1466 828 1523 adduxerit
841 1485 949 1537 annus3

263 1546 325 1602 Seu
338 1562 467 1601 recreare
482 1544 554 1601 volet
568 1555 716 1601 tenuatum
730 1563 833 1620 eorpus
841 1565 849 1615 ;
870 1546 975 1622 ubique

263 1623 417 1680 Accedent
431 1623 508 1694 anni,
523 1632 552 1679 et
566 1624 680 1680 tractari
694 1622 807 1680 mollins
822 1635 890 1680 aetas

263 1702 413 1759 Imbecilla
426 1702 507 1759 volet.
535 1700 604 1758 Tibi
618 1701 754 1777 quidnam
768 1703 887 1760 accedet
901 1703 937 1760 ad
951 1703 1034 1761 istam
1175 1703 1215 1762 85

262 1781 363 1843 Quam
376 1799 446 1857 puer
461 1789 490 1837 et
503 1780 612 1836 validus
624 1781 773 1855 praesumis
787 1781 941 1853 mollitiem,
956 1801 1008 1839 seu

263 1861 346 1919 Dura
358 1859 489 1916 valetudo
502 1858 643 1930 inciderit,
658 1877 709 1915 seu
723 1860 802 1915 tarda
815 1862 968 1917 senectusl

305 1938 471 1996 Rancidum
486 1956 585 2014 aprum
601 1938 709 2013 antiqui
723 1939 895 1996 laudabant:
917 1959 975 1997 non
989 1940 1056 2016 quia
1069 1959 1156 1998 nasus

263 2017 327 2075 Illis
341 2018 435 2075 nullus
446 2028 515 2088 erat,
531 2018 590 2088 sed,
605 2018 701 2089 credo,
716 2018 772 2074 haic
786 2029 891 2090 mente,
905 2016 982 2093 qubd
994 2021 1096 2096 hospes

263 2095 393 2155 Tardius
407 2097 560 2153 adveniens
573 2097 701 2153 vitiatum
715 2094 903 2169 commodilrs,
917 2096 1003 2173 qudm
1174 2100 1214 2157 90

262 2176 413 2252 Integrum
424 2176 496 2233 edax
510 2175 651 2248 dominus,
666 2188 854 2234 consumeret.
890 2177 953 2235 Hos
966 2178 1074 2236 utinam
1089 2179 1162 2237 inter

263 2255 377 2313 Heroas
390 2265 487 2311 natum
498 2254 580 2311 tellus
594 2275 639 2312 me
653 2256 745 2331 prima
757 2257 884 2313 tulisset!

303 2334 364 2391 Das
378 2334 481 2409 aliquid
496 2335 587 2406 famae,
600 2352 664 2409 quar
678 2335 804 2392 carmine
818 2336 921 2411 gratior
935 2355 1032 2394 aurem

262 2412 397 2490 Occupat
411 2414 583 2470 humanaml
617 2414 747 2471 Grandes
761 2415 872 2473 rhombi
886 2417 1046 2492 patinasque

264 2493 383 2550 Grande
399 2493 492 2549 serunt
506 2494 565 2549 una
579 2512 645 2549 cum
661 2495 765 2551 damno
779 2495 921 2550 dedecus:
943 2496 1016 2552 adde
1174 2496 1214 2552 95

262 2572 373 2630 Iratum
386 2583 528 2649 patruum,
542 2573 661 2643 vicinos,
675 2583 703 2628 te
717 2573 768 2629 tibi
783 2573 921 2647 iniquum,

264 2650 304 2709 Et
318 2648 422 2708 frustra
436 2651 534 2707 mortis
548 2650 693 2726 cupidum,
707 2669 795 2723 quum
806 2651 897 2708 deerit
909 2651 1005 2727 egenti

263 2731 317 2803 As,
332 2730 423 2805 laquei
438 2729 567 2804 pretium.
603 2733 621 2758 “
634 2728 652 2784 J
656 2730 731 2800 ure,”
748 2729 848 2803 inquit,
870 2737 888 2761 ‘⁸
901 2729 1041 2787 Trausius
1055 2730 1115 2788 istis

264 2808 283 2866 J
287 2820 401 2886 urgatur
416 2808 524 2864 verbis:
546 2827 599 2882 ego
613 2807 763 2883 vectigalia
776 2828 881 2885 magna

263 2888 440 2963 Divitiasque
455 2887 546 2943 habeo
560 2886 648 2942 tribus
664 2887 770 2962 amplas
785 2889 928 2963 regibus.’'
957 2887 1044 2964 Ergo,
1158 2890 1214 2947 100

262 2968 354 3029 Quod
367 2977 489 3043 superat,
504 2985 561 3022 non
576 2976 619 3023 est
633 2965 805 3042 meliusque
820 2968 964 3025 insumere
977 2969 1088 3044 possisl

263 3047 325 3104 Cur
339 3057 404 3122 eget
418 3046 552 3121 indignus
566 3045 724 3120 quisquam,
735 3056 763 3102 te
778 3047 882 3104 divitel
916 3047 1017 3109 Quare

263 3126 389 3202 Templa
402 3135 488 3181 ruunt
502 3124 617 3198 antiqua
632 3125 738 3182 delrml
772 3126 842 3199 Cur,
857 3127 994 3204 improbe,
1009 3146 1083 3184 carae

263 3204 333 3263 Non
347 3204 452 3279 aliquid
466 3204 563 3280 patriae
577 3215 655 3261 tanto
670 3205 794 3262 emetiris
809 3208 929 3264 acervol

262 3284 323 3342 Uni
337 3283 469 3340 nimirum
484 3281 536 3338 tibi
550 3279 627 3339 recte
643 3303 753 3358 semper
768 3297 852 3342 erunt
865 3287 931 3342 resl
1159 3287 1216 3342 105

262 3364 292 3420 O
307 3381 427 3438 magnus
440 3363 558 3436 posthac
572 3362 696 3419 inimicis
711 3362 801 3420 risus!
823 3365 930 3421 Uteme

261 3443 312 3500 Ad
326 3460 409 3498 casus
423 3441 522 3497 dubios
536 3441 604 3497 lidet
617 3441 670 3497 sibi
684 3440 790 3498 certius
802 3462 809 3511 3
831 3444 878 3499 hic
892 3442 940 3518 qui

263 3521 398 3578 Pluribus
412 3519 534 3576 assuerit
547 3530 672 3576 mentem
685 3538 842 3595 corpusque
857 3520 1027 3596 superbum;

262 3602 312 3658 An
326 3599 384 3675 qui,
399 3609 550 3657 contentus
564 3617 649 3675 parvo
663 3608 849 3672 metuensque
864 3597 960 3670 futuri,

262 3680 299 3736 In
314 3697 395 3754 pace,
410 3689 441 3735 ut
454 3678 578 3754 sapiens,
593 3676 697 3751 aptarit
711 3677 814 3733 idonea
827 3678 921 3735 bellol
1160 3676 1213 3735 110

301 3755 371 3820 Quo
386 3754 478 3832 magis
492 3758 536 3814 his
548 3757 664 3825 credas3
686 3774 755 3831 puer
770 3758 848 3814 hunc
861 3776 915 3833 ego
927 3776 1030 3834 parvus
1043 3754 1171 3816 Ofellum

261 3837 386 3913 Integris
399 3837 499 3912 opibus
513 3837 578 3894 novi
593 3855 651 3893 non
665 3836 751 3893 latius
764 3855 858 3909 usum,

260 3914 360 3978 Quam
374 3933 453 3972 nuno
467 3915 576 3972 accisis.
612 3916 719 3972 Videas
733 3927 839 3973 metato
853 3917 882 3973 in
894 3917 987 3993 agello

262 3997 338 4052 Cum
352 4013 454 4070 pecore
468 4006 497 4050 et
511 3995 604 4069 gnatis
618 3995 717 4053 fortem
732 3997 864 4052 mercede
880 3997 1023 4068 colonum,

261 4080 280 4106 “
292 4074 359 4132 Non
371 4075 452 4150 ego,”
469 4084 640 4145 narrantem,
655 4079 673 4104 “
683 4071 791 4131 temere
806 4075 853 4132 edi
863 4076 927 4132 luce
941 4075 1065 4153 profesta
1160 4079 1217 4136 115

260 4153 438 4230 Quidquam,
453 4162 554 4226 praeter
568 4152 640 4226 olus,
656 4153 772 4211 fumosae
786 4172 853 4210 cum
867 4156 939 4229 pede
953 4174 1057 4231 pernae.
