3084 4900
289 590 346 649 140
617 588 648 645 Q·
665 588 812 637 HORATII
830 590 953 639 FLACCI

326 731 392 789 Jsm
407 733 473 789 virro
486 730 694 809 quaerens,jam
708 751 819 806 somno,
833 732 929 792 fallere
943 750 1057 791 curum*

326 807 462 879 FrustrI;
484 829 551 869 nam
565 830 662 870 comes
675 822 736 870 stra
748 811 852 888 premit
865 811 1048 889 sequiturque
1061 811 1206 890 sugnsem.

707 963 852 997 numurus·

326 1024 411 1085 Unde
424 1024 496 1086 mihi
509 1026 653 1107 lupidemi

731 1179 829 1213 DIVUS.

681 1264 831 1326 Quorsum
843 1276 888 1325 est
899 1267 992 1342 opus?

712 1416 856 1451 nons'rms.

1042 1482 1127 1543 Unde
1140 1483 1280 1563 sagittas?

734 1634 831 1669 nnus.

326 1723 388 1781 Aut
401 1720 508 1781 insanit
521 1721 616 1796 horno,
630 1732 679 1780 sut
692 1740 791 1781 versus
804 1722 881 1780 facit.

708 1875 854 1909 nonnius.

942 1918 1035 1982 Ocius
1048 1921 1117 1981 hine
1130 1933 1158 1982 te
1237 1925 1276 1984 91

326 2000 367 2060 Ni
380 2000 466 2081 rupis,
479 2002 601 2061 seeedes
614 2019 701 2078 opera
714 2020 783 2077 agro
796 2020 872 2059 nona
886 2001 1002 2061 Sabino.

647 2354 806 2415 SATIRA
827 2356 914 2418 VIII.

708 2527 854 2560 numius.

328 2617 372 2676 Ur
385 2625 415 2676 te
428 2613 579 2674 Nasidieni
590 2615 663 2693 juvit
676 2634 760 2674 ooena
773 2616 869 2675 bestii

325 2697 403 2756 Num
417 2695 497 2770 mihi,
511 2695 650 2773 querenti
663 2696 822 2770 eonvivam,
836 2697 930 2756 dietus
943 2694 1014 2757 heri
1028 2696 1087 2757 illie

325 2776 371 2837 De
384 2776 480 2836 medio
493 2787 591 2854 potare
604 2775 660 2834 die.

700 2927 863 2962 rusnsrtrus.

720 3011 781 3084 Sic,
794 3022 827 3068 ut
839 3011 909 3069 mihi
923 3031 1068 3088 nunquam

325 3091 362 3151 In
375 3090 433 3150 vitri
446 3091 531 3150 fuerit
544 3087 655 3149 melitis.

707 3241 852 3274 nonnius.

720 3323 776 3398 Da,
791 3325 815 3383 si
829 3345 914 3402 grave
928 3346 986 3386 non
999 3337 1052 3402 est,

324 3407 403 3472 Quae
415 3404 507 3484 prima
521 3406 623 3464 iratum
635 3416 762 3465 ventrem
776 3406 931 3482 planarerit
943 3427 1018 3466 essa.

699 3559 860 3593 Funnsrtlus.

325 3646 362 3705 In
376 3647 474 3724 primis
488 3648 623 3706 Lucanus
637 3666 723 3722 aper:
745 3648 804 3705 leni
818 3647 871 3705 fuit
884 3648 992 3704 Austro

326 3726 444 3803 Captus,
459 3739 491 3783 ut
504 3727 598 3784 aiebat
612 3745 701 3783 coenae
715 3738 803 3801 puter.
845 3725 934 3783 Acria
947 3721 1058 3784 circum

325 3805 450 3881 Rspula,
465 3806 594 3877 lactuoae,
608 3805 730 3876 radices,
744 3803 839 3879 qualia
852 3803 958 3860 lassum

325 3885 489 3943 Pervellunt
502 3883 698 3951 stomachum
719 3883 800 3954 siser,
814 3881 906 3955 halec,
920 3882 1022 3942 faeeula
1034 3882 1103 3943 Cos.

326 3962 383 4021 His
395 3963 444 4021 ubi
458 3963 575 4021 sublatis
587 3980 657 4037 puer
672 3960 729 4018 alte
744 3961 856 4018 cinctus
870 3980 1003 4020 acernam
1239 3963 1278 4024 10

325 4043 458 4120 Gausape
472 4060 614 4119 purpureo
628 4059 756 4099 mensem
769 4040 909 4118 pertersit,
924 4052 953 4100 et
967 4041 1038 4101 alter
