3084 4900
558 612 804 662 umsronsnuu
821 612 887 662 urs.
904 613 939 662 11.
957 617 979 662 1.
1204 617 1261 676 175

313 757 481 832 Divitiaeque
495 756 667 831 peregrinae;
689 756 792 832 quibus
804 756 907 814 oblitus
921 767 999 815 actor

312 839 414 900 Quum
428 836 505 893 stetit
519 836 548 891 in
563 837 660 907 scene,
675 836 819 893 concurrit
832 836 948 892 dextera
957 836 1044 893 laevae.
1202 837 1261 895 205

312 916 393 974 Dixit
406 916 501 972 adhuc
515 914 620 989 aliquid
629 914 710 970 l-N
712 916 731 971 il
746 912 949 975 sane-Quid
962 916 1057 991 placet
1069 933 1138 991 ergo
1146 916 1199 973 l-

314 996 395 1052 Lana
408 993 568 1050 Tarentino
583 994 669 1050 violas
683 994 793 1049 imitata
806 1012 925 1050 veneno.

352 1074 400 1130 Ac
413 1091 450 1129 ne
465 1070 535 1129 sorte
551 1083 632 1147 putes
647 1091 702 1142 me,
717 1090 780 1145 quae
795 1072 888 1129 sacere
902 1074 962 1148 ipse
976 1092 1117 1147 recusem,

313 1153 414 1213 Quum
428 1149 506 1207 recte
520 1161 643 1207 tractent
657 1152 714 1222 alii,
729 1151 845 1207 laudare
861 1149 1004 1225 malignd3

313 1229 366 1287 Ille
380 1249 429 1305 per
443 1240 588 1287 extentum
603 1230 700 1285 funem
714 1229 784 1285 mihi
798 1249 879 1304 posse
897 1230 1007 1288 videtur
1202 1232 1262 1291 210

314 1308 360 1365 Ire
371 1312 464 1384 poeta,
479 1326 574 1364 meum
588 1309 636 1382 qui
650 1319 749 1383 pectus
763 1309 886 1365 inaniter
900 1309 988 1384 angit,

314 1388 417 1458 Irritat,
433 1387 548 1457 mulcet,
564 1386 639 1442 falsis
653 1387 805 1443 terroribus
819 1387 926 1461 implet,

312 1466 352 1523 Ut
365 1485 473 1540 magus,
488 1476 516 1522 et
530 1463 614 1522 modd
629 1485 674 1521 me
686 1465 806 1537 Thebis,
818 1464 903 1522 modd
918 1467 997 1540 ponit
1011 1466 1142 1525 Athenis.

352 1544 462 1602 Verdm
477 1563 538 1618 age,
553 1555 581 1600 et
596 1545 640 1600 his
653 1545 700 1618 qui
716 1564 745 1600 se
759 1545 858 1601 lectori
873 1546 989 1602 credere
1003 1546 1122 1619 malunt,

312 1622 412 1685 erdm
426 1624 590 1698 spectatoris
604 1624 716 1679 fastidia
729 1624 801 1679 ferre
815 1624 938 1697 superbi,

313 1705 420 1759 Curam
434 1703 520 1758 redde
536 1703 658 1772 brevem,
673 1702 696 1758 si
711 1721 815 1757 munus
829 1702 962 1777 Apolline
977 1703 1095 1778 dignum

312 1784 365 1840 Vis
380 1781 521 1855 complere
535 1781 622 1852 libris,
635 1792 663 1837 et
677 1780 787 1836 vatibus
801 1780 906 1836 addere
917 1781 1022 1852 calcar,

313 1857 351 1919 Ut
364 1860 457 1917 studio
471 1860 576 1933 majore
590 1870 688 1934 petant
702 1858 844 1915 Helicona
857 1860 1003 1916 virentem.

352 1938 445 1996 Multa
457 1938 572 2012 quidem
586 1938 667 1994 nobis
682 1937 802 1993 facimus
815 1937 890 1993 mala
900 1935 975 2012 saepe
989 1942 1082 2013 poete

314 2017 366 2095 (Ut
379 2019 474 2074 vineta
487 2028 600 2091 egomet
614 2017 722 2072 caedam
736 2016 825 2094 mea),
839 2035 926 2089 quum
940 2017 991 2073 tibi
1005 2018 1109 2076 librum

313 2098 440 2155 Sollicito
451 2097 560 2166 damus,
576 2107 624 2151 aut
638 2096 728 2164 fesso;
750 2113 835 2169 quum
849 2096 979 2153 laedimur
992 2115 1082 2153 unum

314 2177 345 2233 Si
359 2176 421 2250 quis
435 2176 591 2231 amicorum
604 2185 647 2230 est
662 2193 746 2230 ausus
760 2172 931 2249 reprendere
945 2175 1074 2247 versum;

311 2256 412 2316 Quum
426 2254 489 2310 loca
500 2253 558 2328 jam
572 2254 690 2310 recitata
703 2253 871 2309 revolvimus
884 2254 1047 2326 irrevocati;

310 2334 412 2394 Quum
423 2334 609 2389 lamentamur
623 2352 680 2388 non
695 2352 830 2407 apparere
843 2332 954 2391 labores

311 2412 431 2470 Nostros
444 2424 473 2469 et
486 2411 565 2468 tenui
579 2411 702 2468 deducta
715 2415 847 2487 poemata
861 2412 924 2482 fil0;

309 2493 412 2554 Quum
426 2509 570 2566 speramus
584 2488 619 2547 ed
631 2510 691 2547 rem
706 2501 864 2562 venturam,
878 2502 918 2563 ut,
933 2492 1016 2550 simul
1031 2504 1114 2568 atque

311 2571 447 2627 Carmina
460 2570 590 2626 rescieris
604 2588 656 2626 nos
667 2570 785 2644 fingere,
800 2571 965 2627 commodus
979 2572 1053 2629 ultro

311 2652 460 2720 Arcessas‚
475 2660 504 2704 et
514 2667 598 2723 egere
612 2660 699 2719 vetes,
714 2659 742 2704 et
756 2649 880 2705 scribere
894 2668 988 2725 cogas.

311 2730 369 2786 Sed
384 2738 478 2785 tamen
492 2738 535 2783 est
548 2746 640 2802 operae
653 2727 775 2802 pretium
787 2745 958 2802 cognoscere
972 2729 1069 2803 quales

311 2807 445 2864 AEdituos
459 2806 560 2862 habeat
574 2806 639 2861 belli
654 2816 781 2880 spectata
795 2805 926 2880 domique

310 2887 418 2957 Virtus,
433 2885 551 2959 indigno
565 2904 623 2940 non
638 2884 840 2942 committenda
853 2889 954 2960 poetae.

309 2966 415 3021 Gratus
429 2964 594 3021 Alexandro
608 2964 667 3037 regi
683 2962 791 3038 Magno
805 2964 858 3020 fuit
870 2963 917 3020 ille

310 3043 462 3114 Choerilus,
478 3043 593 3098 incultis
606 3043 654 3117 qui
668 3043 795 3099 versibus
808 3055 837 3100 et
851 3040 925 3099 ruald
940 3043 1015 3101 natis

309 3122 433 3180 Rettulit
447 3132 587 3196 acceptos,
602 3121 697 3196 regale
711 3122 863 3193 numisma,
878 3122 1031 3198 Philippos.

310 3202 378 3272 Sed,
392 3201 478 3258 veluti
492 3211 612 3257 tractata
625 3212 720 3257 notam
735 3201 884 3276 labemque
898 3203 1046 3259 remittunt

309 3281 487 3350 Atramentu,
503 3275 561 3335 sord
577 3280 727 3354 scriptores
741 3280 868 3337 carmine
879 3281 954 3338 soedo
975 3352 977 3356 ι

310 3359 465 3433 Splendida
479 3358 553 3414 sacta
566 3358 667 3415 linunt.
710 3358 792 3415 Idem
805 3379 856 3415 rex
869 3359 926 3431 ille,
940 3362 1045 3435 poema

307 3437 369 3498 Qui
383 3447 439 3494 tam
455 3437 606 3492 ridiculum
620 3449 678 3493 tam
692 3435 758 3492 care
774 3438 908 3512 prodigus
922 3438 1001 3509 emit,

309 3514 411 3572 Edicto
426 3515 513 3572 vetuit
526 3516 637 3588 nequis
651 3535 691 3586 se,
706 3526 807 3589 praeter
821 3514 955 3590 Apellen,

308 3592 451 3669 pingeret,
466 3605 515 3650 aut
528 3593 600 3650 alius
614 3593 738 3669 Lysippo
752 3593 870 3650 duceret
883 3613 939 3662 aera

308 3673 401 3731 Fortis
415 3673 572 3729 Alexandri
586 3672 693 3728 vultum
708 3672 878 3729 simulantia.
904 3669 1009 3734 ‘Quod
1023 3673 1048 3731 si

307 3751 326 3807 J
329 3752 454 3809 udicium
468 3751 570 3808 subtile
584 3751 836 3808 videndis'artibus
850 3750 921 3808 illud

308 3831 356 3888 Ad
367 3831 452 3887 libros
466 3841 495 3887 et
509 3830 544 3887 ad
559 3831 621 3887 haec
632 3828 781 3887 Musarum
796 3831 871 3888 dona
883 3849 1009 3905 vocares,

308 3909 439 3966 Boeotrim
450 3909 480 3965 in
494 3928 589 3967 crasso
599 3910 709 3985 jurares
720 3910 787 3967 aere
798 3916 905 3968 natum.

308 3989 348 4045 At
359 4007 452 4063 neque
466 3988 639 4046 dedecorant
652 4000 701 4045 tua
715 3989 750 4045 de
764 3989 916 4065 sejudicio
929 3999 1013 4064 atque

309 4063 441 4138 Munera,
455 4085 518 4141 quae
533 4067 622 4124 multa
637 4068 731 4124 dantis
745 4088 811 4126 cum
822 4069 906 4125 laude
919 4069 1047 4128 tulerunt

310 4145 414 4205 Dilecti
428 4146 480 4203 tibi
493 4143 630 4222 Virgilius
640 4147 800 4224 Variusque
814 4151 925 4224 poete:
