3084 4900
496 611 498 614 v
557 581 697 630 EPODON
715 582 829 631 LIBER.

511 722 579 782 Dux
593 724 674 801 sugit,
688 724 759 781 ustis
773 724 902 796 navibus,

354 803 484 863 Minatus
497 804 561 861 urbi
575 804 677 876 vincla,
692 823 755 879 quae
769 805 929 861 detraxerat

513 883 609 940 Servis
623 884 732 940 amicus
742 882 878 957 perfidis?

355 962 516 1034 Romanus,
531 962 622 1019 eheu!
646 960 763 1038 (posteri
775 961 916 1036 negabitis
924 960 946 1040 l)

515 1040 721 1116 Emancipatus
735 1040 869 1113 foeminae,

354 1118 425 1179 Fert
437 1119 542 1178 vallum
555 1130 585 1177 et
598 1138 677 1176 arma
689 1118 781 1192 miles,
796 1130 825 1175 et
838 1118 1012 1195 spadonibus

513 1198 624 1256 Servire
638 1198 748 1273 rugosis
761 1208 871 1273 potest;

359 1277 496 1355 Interque
510 1277 594 1353 signa
606 1288 688 1352 turpe
699 1277 833 1335 militaria

513 1355 562 1414 Sol
576 1355 698 1433 adspicit
711 1357 873 1432 conopium.

354 1436 404 1495 Ad
418 1437 474 1494 hoc
485 1435 638 1495 frementes
651 1445 795 1493 verterunt
809 1436 852 1492 bis
865 1434 943 1493 mille
956 1453 1044 1512 equos

513 1515 600 1587 Galli,
614 1524 751 1575 canentes
765 1514 927 1586 Caesarem

354 1594 565 1669 Hostiliumque
578 1594 693 1652 navium
706 1604 790 1669 portu
803 1593 893 1651 latent

513 1673 626 1749 Puppes
640 1670 834 1730 sinistrorsnm
848 1674 922 1732 cita.

355 1752 389 1811 Io
401 1752 577 1828 Triumphe!
600 1764 631 1809 tu
645 1752 762 1808 moraris
777 1771 877 1809 aureos

513 1831 632 1903 Currus,
646 1841 674 1888 et
688 1831 810 1888 intactas
824 1830 926 1888 boves:

355 1910 389 1971 Io
402 1910 579 1987 Triumphe!
601 1928 656 1967 neo
671 1909 689 1966 J
691 1911 844 1984 ugurthino
857 1928 955 1986 parem

512 1989 592 2047 Bello
606 1989 756 2065 reportasti
770 1990 891 2059 duoem3

354 2067 458 2146 Neque
472 2069 619 2142 Africano,
634 2069 681 2126 cui
695 2088 780 2145 super
796 2068 1000 2145 Carthaginem

511 2149 610 2207 Virtus
623 2149 784 2224 sepulcrum
800 2149 937 2207 condidit

355 2225 449 2286 Terrd
462 2228 588 2303 marique
603 2229 693 2285 victus
707 2228 796 2285 hostis
810 2228 922 2287 Punico

512 2307 646 2383 Lugubre
661 2308 780 2365 mutavit
793 2327 909 2384 sagum3

356 2386 417 2445 Aut
430 2385 477 2444 ille
490 2398 606 2444 centum
620 2387 745 2444 nobilem
760 2387 876 2445 Cretam
890 2386 1018 2462 urbibus,

512 2467 615 2525 Ventis
628 2468 719 2524 iturus
733 2486 791 2524 non
806 2469 875 2540 suis,

355 2545 533 2604 Exercitatas
547 2556 596 2612 aut
608 2547 679 2620 petit
693 2546 792 2620 Syrtes
805 2545 834 2601 N
836 2557 901 2617 oto;

513 2626 574 2683 Aut
588 2624 676 2680 fertur
690 2625 800 2681 incerto
814 2625 894 2681 mari.

357 2702 530 2779 capaciores
545 2702 613 2759 affer
627 2705 694 2774 huc,
707 2721 788 2778 puer,
803 2704 934 2779 scyphos,

513 2780 552 2838 Et
565 2780 640 2839 Chia
653 2782 727 2853 vina,
743 2793 792 2838 aut
805 2781 919 2855 Lesbia,

355 2860 421 2934 Vei,
435 2861 509 2937 quod
524 2859 659 2918 fluentem
673 2880 809 2918 nauseam
824 2865 967 2935 coerceat,

513 2939 617 2997 Metire
632 2941 714 3000 nobis
728 2941 895 3000 Oaeoubum.

355 3017 462 3078 Curam
476 3030 639 3094 metumque
654 3020 776 3078 Caesaris
789 3040 884 3078 rerum
896 3021 976 3099 juvat

514 3098 602 3156 Dulci
617 3098 703 3176 Lyaeo
718 3101 834 3158 solvere.

611 3380 696 3474 ons
716 3416 773 3476 rx.

522 3552 555 3591 IN
575 3552 703 3591 MAEVIUM
725 3551 857 3592 ΡΟΕΤΑΜ.

354 3642 446 3712 Mani
461 3650 554 3710 soluta
566 3651 646 3707 navis
660 3651 718 3708 exit
732 3651 809 3723 alite,

512 3730 621 3787 Ferens
633 3729 757 3787 olentem
772 3730 918 3788 Maevium.

353 3809 393 3870 Ut
406 3810 527 3868 horridis
540 3822 690 3884 utrumque
704 3811 835 3868 verberes
850 3810 933 3882 latus,

514 3890 630 3960 Auster,
645 3901 790 3948 memento
803 3888 947 3947 fluoabus

355 3966 447 4045 Niger
461 3970 595 4025 rudentes
610 3968 714 4041 Eurus,
729 3969 841 4026 inverso
854 3967 936 4040 mari,

511 4048 684 4123 Fractusque
699 4067 792 4106 remos
806 4046 925 4104 differat.
953 4095 961 4102 .,

353 4124 487 4203 Insurgat
501 4127 616 4201 Aquilo,
629 4139 753 4204 quantus
767 4126 832 4184 altis
846 4124 990 4184 montibus
