3084 4900
335 608 393 666 158
654 610 684 666 Q·
703 610 849 660 HORATII
867 612 990 660 FLACCI

371 749 493 823 Coelum,
507 770 566 810 non
581 752 717 825 animum,
732 765 852 827 mutant,
866 753 914 830 qui
928 766 1005 812 trans
1019 773 1097 813 mare
1111 768 1238 816 currunt

371 829 494 886 Strenua
507 850 559 887 nos
571 844 686 890 exercet
698 834 801 890 inertia
813 853 819 890 :
840 834 959 890 navibus
969 845 1053 908 atque

370 907 526 984 Quadrigis
540 910 662 986 petimus
676 912 749 969 bene
763 912 864 969 vivere.
904 912 993 973 Quod
1007 912 1089 987 petis,
1104 913 1153 972 hic
1166 925 1219 989 est,

370 986 424 1045 Est
438 986 562 1061 Ulubris,
577 990 688 1047 animus
702 991 726 1048 si
740 1002 768 1048 te
779 1010 838 1048 non
852 990 949 1048 deficit
962 1010 1067 1066 aequus.
1281 996 1320 1054 30

678 1302 882 1374 nmsuonu
895 1303 967 1362 ΧΠ.

733 1441 774 1479 AD
794 1441 908 1481 ICCIUM.
939 1399 942 1405 Ι

368 1540 542 1601 Fnucvmus
558 1542 692 1619 Agrippae
704 1542 819 1614 Siculis,
834 1561 904 1618 quos
917 1543 1037 1620 colligis,
1051 1545 1123 1620 Icci,

368 1622 401 1678 Si
415 1619 493 1679 recte
505 1622 614 1694 frueris,
629 1641 687 1680 non
701 1632 790 1679 estut
803 1623 884 1697 copia
897 1623 985 1698 major

367 1701 416 1757 Ab
429 1700 500 1759 Jove
514 1702 613 1759 donari
627 1701 716 1776 possit
729 1702 796 1759 tibi:
818 1702 883 1759 tolle
897 1702 1041 1776 querelas;

366 1779 478 1856 Pauper
492 1780 569 1837 enim
582 1800 639 1838 non
654 1792 705 1853 est,
721 1781 768 1838 cui
782 1800 876 1838 rerum
891 1782 1013 1856 suppetit
1027 1801 1105 1839 usus.

367 1858 399 1915 Si
413 1860 504 1917 ventri
515 1861 598 1933 bene,
613 1860 636 1916 si
649 1860 730 1917 lateri
744 1871 787 1917 est
799 1860 974 1936 pedibusque
988 1860 1054 1934 tuis,
1068 1862 1109 1919 nil
1295 1867 1317 1924 5

366 1938 479 1996 Divitiae
493 1950 625 2015 poterunt
637 1940 746 2015 regales
760 1940 864 1996 addere
878 1939 976 2014 majus.

367 2018 398 2074 Si
413 2015 483 2075 sorte
495 2018 525 2074 in
538 2018 633 2075 medio
646 2019 800 2093 positorum
814 2018 967 2075 abstemius
981 2018 1076 2076 herbis

364 2096 444 2153 Vivis
457 2107 486 2154 et
499 2096 600 2167 urtica,
615 2098 656 2154 sic
666 2096 742 2152 vives
755 2098 891 2171 protinus,
906 2108 937 2154 ut
950 2107 979 2154 te

366 2174 523 2233 Confestim
534 2175 656 2250 liquidus
670 2174 805 2233 Fortunae
818 2176 894 2233 rivus
908 2176 1035 2233 inauret:

364 2253 419 2311 Vel
433 2254 499 2329 quia
512 2265 642 2311 naturam
656 2264 765 2310 mutare
779 2254 902 2328 pecunia
915 2254 1026 2325 nescit;

364 2332 419 2390 Vel
433 2333 499 2409 quia
512 2344 618 2391 cuncta
631 2342 712 2409 putas
725 2334 784 2390 unia
798 2334 899 2390 virtute
912 2333 1031 2391 minora.

364 2410 503 2471 Miramur
516 2413 540 2470 si
553 2412 709 2470 Democriti
724 2431 812 2489 pecus
826 2412 886 2470 edit
899 2413 1005 2490 agellos

364 2491 514 2568 Cultaque,
529 2492 597 2549 dum
610 2489 728 2569 peregre
743 2502 785 2549 est
799 2493 911 2550 animus
924 2494 985 2551 sine
999 2512 1115 2568 corpore
1126 2495 1221 2567 velox3

362 2571 464 2633 Quum
477 2583 518 2644 tu,
533 2572 606 2629 inter
620 2572 746 2630 scabiem
756 2583 864 2630 tantam
878 2583 907 2630 et
920 2573 1051 2649 contagia
1061 2572 1142 2646 lucri,

362 2650 413 2709 Nil
426 2670 543 2727 parvum
557 2652 658 2728 sapias,
672 2663 701 2710 et
715 2653 809 2709 adhuc
820 2653 953 2710 sublimia
966 2671 1058 2723 cures,
1274 2657 1310 2713 15

361 2731 438 2793 Quae
452 2750 529 2788 mare
543 2742 725 2807 compescant
738 2751 842 2804 causae,
854 2732 922 2806 quid
936 2741 1073 2807 temperet
1086 2750 1210 2803 annum3

363 2809 459 2868 Stellae
474 2821 574 2886 sponte
588 2811 639 2867 sud
651 2811 775 2886 jussaene
790 2821 926 2886 vagentur
941 2822 969 2868 et
982 2820 1076 2868 errent
1084 2830 1092 2880 ;

360 2888 442 2950 Quid
455 2901 566 2964 premat
575 2890 726 2947 obscurum
740 2890 826 2961 lunae,
841 2891 908 2963 quid
922 2890 1053 2965 proferat,
1067 2890 1181 2961 orbem;

360 2967 442 3029 Quid
456 2969 522 3025 velit
536 2979 564 3026 et
577 2969 664 3044 possit
674 2987 768 3025 rerum
782 2968 935 3024 concordia
949 2969 1072 3037 discors3

360 3045 559 3123 Empedocles
573 3067 609 3103 an
625 3047 792 3104 Stertinium
806 3046 906 3103 deliret
919 3048 1059 3103 acumenl
1268 3049 1311 3108 20

399 3123 518 3197 Verum,
532 3144 584 3182 seu
596 3126 699 3199 pisces,
714 3143 763 3181 seu
777 3142 891 3200 porrum
906 3135 934 3181 et
948 3143 1025 3198 caepe
1039 3124 1175 3199 trucidas,

361 3202 446 3261 Utere
459 3204 595 3278 Pompeio
608 3203 738 3276 Grospho
749 3221 756 3269 ;
768 3210 808 3272 et,
831 3203 854 3258 si
868 3203 936 3277 quid
950 3214 1035 3278 petet,
1047 3204 1120 3261 ultro

358 3282 462 3340 Defer:
483 3281 524 3338 nil
538 3281 684 3357 Grosphus
697 3280 752 3337 nisi
762 3300 863 3339 verum
876 3282 967 3338 orabit
980 3293 1009 3338 et
1023 3300 1142 3357 aequum.

361 3360 432 3419 Vilis
446 3361 601 3419 amicorum
615 3371 658 3417 est
672 3379 794 3432 annona,
809 3359 891 3416 bonis
904 3360 953 3417 ubi
966 3360 1033 3435 quid
1048 3363 1137 3419 deest.

397 3439 445 3498 Ne
456 3449 552 3497 tamen
567 3440 680 3516 ignores
694 3456 750 3513 quo
764 3439 800 3497 sit
813 3439 947 3496 Romana
959 3439 1022 3497 loco
1036 3459 1100 3497 res:
1266 3442 1308 3501 25

358 3518 501 3577 Cantaber
515 3519 661 3595 Agrippae,
673 3518 777 3576 Claudi
791 3518 892 3576 virtute
906 3518 1030 3575 Neronis

360 3599 514 3656 Armenius
528 3598 648 3656 cecidit:
666 3599 713 3674 jus
727 3598 932 3674 imperiumque
946 3598 1083 3655 Phraates

358 3677 479 3735 Caesaris
493 3678 604 3753 accepit
617 3678 738 3754 genibus
751 3677 844 3735 minor
857 3697 863 3734 ε
884 3696 970 3734 aurea
984 3676 1078 3752 fruges

357 3755 449 3815 Italiae
462 3757 548 3835 pleno
561 3756 674 3815 diffudit
688 3756 779 3834 Copia
792 3774 890 3814 cornu.
