3084 4900
602 619 633 674 Q.
651 607 939 676 HORATIIFLACCI

687 838 772 900 ODE
792 838 850 900 III.

636 978 676 1017 An
690 977 899 1017 MAEanATssM.

352 1073 354 1076 ’
393 1080 548 1138 Plenums
561 1078 629 1136 olim
643 1078 666 1146 si
680 1078 742 1152 quis
756 1078 844 1153 impie
858 1096 946 1136 menn

513 1157 609 1229 Senile
620 1166 716 1231 guttur
731 1157 854 1232 fregerit,

393 1238 469 1296 Edet
481 1236 585 1293 eicutis
598 1234 696 1292 allium
710 1235 869 1294 nocentius.

511 1314 542 1387 Q>
553 1316 627 1384 duna¹
638 1333 797 1371 messorum
811 1314 875 1372 ilia!

392 1395 473 1457 Quid
488 1395 543 1451 hoe
557 1394 660 1450 veneni
674 1394 753 1450 saevit
766 1394 797 1455 in
811 1391 995 1469 praeoordiisl

511 1470 592 1528 Num
606 1472 749 1548 viperinus
763 1472 807 1530 his
821 1491 904 1531 cruor

394 1551 530 1612 Inoootus
545 1551 639 1607 herbis
652 1571 699 1608 me
714 1551 834 1610 fefellitl
855 1571 891 1609 an
905 1551 996 1609 mules

513 1629 636 1700 Canidia
649 1631 779 1689 tractavit
793 1631 899 1707 dapesl

394 1710 433 1768 Ut
448 1711 630 1786 Argonautas
642 1720 743 1786 praeter
757 1729 858 1769 omnes
872 1709 1027 1770 candidum

514 1787 620 1858 Medea
632 1790 733 1847 mirata
746 1801 789 1848 est
803 1791 917 1863 ducem,

395 1867 498 1946 Ignota
511 1868 600 1925 tauris
613 1868 787 1944 illigaturum
799 1869 877 1945 juge,

513 1947 651 2005 Perunxit
664 1950 719 2005 hoo
732 1948 751 2005 J
753 1966 886 2007 usonem:
913 1989 921 1994 --

395 2027 460 2086 Hoc
474 2026 607 2084 delibutis
621 2025 680 2084 ulta
694 2028 776 2085 donis
789 2027 930 2102 pellicem,

513 2105 652 2180 Serpente
666 2105 739 2180 fugit
751 2105 826 2163 alite.

394 2182 459 2241 Nee
473 2194 568 2241 tantus
581 2202 706 2257 unquam
720 2185 846 2242 siderum
860 2183 964 2241 insedit
976 2201 1062 2259 vapor

514 2261 673 2319 Sitieulosae
688 2263 802 2338 Apuliae
810 2283 818 2334 3

395 2339 461 2400 Nee
473 2359 579 2407 munus
593 2341 718 2398 humeris
732 2342 858 2400 efficacis
871 2340 1007 2402 Herculis

514 2418 621 2478 lnarsit
634 2419 791 2481 aestuosids.

693 2735 778 2794 ODE
798 2736 851 2795 IV.

692 2873 726 2912 IN
739 2874 860 2913 MENAM.

293 3053 296 3056 .
396 2975 489 3034 Ln1³1s
502 2985 532 3033 et
545 2973 626 3049 agnis
639 2982 745 3048 quanta
758 2968 856 3029 sortitd
870 2972 981 3049 obtigit,

514 3052 629 3110 Tecum
643 3051 713 3108 mihi
727 3050 870 3107 discordia
883 3063 936 3124 est,

395 3132 515 3190 Iberieis
527 3141 641 3206 peruste
655 3129 770 3186 funibus
783 3129 867 3201 latus,

516 3209 555 3267 Et
567 3227 651 3266 crura
664 3207 736 3270 durd
750 3207 896 3282 compede.

397 3286 483 3348 Licet
495 3288 634 3363 superbus
648 3286 776 3344 ambules
788 3286 923 3362 peounid,

374 3434 375 3437 Ἴ
513 3366 642 3432 Fortuna
655 3385 714 3425 non
727 3375 819 3423 mutat
831 3384 931 3442 genus.

395 3446 534 3519 Videsne,
547 3463 657 3504 sacram
670 3445 806 3503 metiente
820 3456 848 3502 te
862 3446 937 3504 vium

514 3527 589 3586 Cum
600 3526 644 3584 bis
657 3535 699 3584 ter
713 3526 844 3583 ulnarum
858 3526 936 3603 togd,

395 3603 435 3665 Ut
447 3624 497 3665 ora
510 3615 601 3663 vertet
612 3606 669 3664 hue
680 3617 709 3664 et
722 3607 779 3664 hue
793 3606 923 3663 euntium

516 3684 674 3743 Liberrimn
687 3685 866 3760 indignatiol

398 3763 503 3821 Seotns
516 3762 634 3838 flagellis
649 3765 696 3822 hie
710 3763 959 3836 Triumvirulibns,

515 3841 660 3898 Praeoonis
673 3843 708 3897 ad
723 3841 878 3914 festidium,

397 3921 470 3979 Atat
484 3920 600 3977 Falerni
614 3919 692 3977 mille
706 3920 786 3976 fundi
798 3919 909 3995 jugera,

515 3999 554 4057 Et
569 3999 692 4075 Appiam
705 3999 818 4056 mannis
831 3999 913 4056 terit:

397 4077 596 4153 Sedilibusque
609 4097 731 4154 magnus
744 4078 774 4135 in
787 4077 886 4155 primis
899 4096 996 4154 eques,
1017 4111 1019 4114 ·

517 4158 631 4216 Othone
646 4167 818 4234 contempto,
832 4158 921 4216 sedet
