3084 4900
305 593 362 653 148
625 590 655 647 Q.
674 589 819 639 HORATll
837 590 961 641 FLACCI

339 733 459 811 Incipe:
480 732 528 810 qui
541 730 619 791 recte
633 732 745 791 vivendi
760 745 891 810 prorogat
904 735 1012 807 horam,

339 813 479 872 Rusticus
493 824 637 888 exspectat
650 813 718 869 dum
733 813 839 871 defluat
853 814 944 870 amnis
952 834 960 884 ;
982 825 1011 872 at
1024 812 1071 871 ille

339 892 467 966 Labitur,
481 904 510 951 et
522 892 632 949 labetur
646 892 676 948 in
689 911 775 950 omne
788 891 920 950 volubilis
935 912 1035 950 aevum.

377 972 524 1034 Quaeritur
539 980 696 1046 argentum,
710 971 861 1046 puerisque
876 972 958 1028 beata
971 970 1102 1028 creandis

338 1048 425 1124 Uxor,
439 1062 468 1109 et
481 1050 596 1108 incultae
609 1060 747 1125 pacantur
760 1068 873 1106 vomere
887 1050 972 1108 silvae.
1194 1050 1198 1057 “
1249 1050 1292 1108 45

337 1130 427 1192 Quod
441 1126 509 1187 satis
523 1140 566 1187 est
579 1129 626 1185 cui
640 1128 768 1204 contigit,
784 1129 831 1185 hic
845 1129 916 1185 nihil
930 1128 1051 1204 amplius
1063 1136 1148 1203 optet

337 1208 406 1267 Nou
420 1210 520 1267 domus
534 1219 562 1266 et
576 1206 690 1279 fundus,
704 1227 761 1264 non
774 1207 838 1264 aeris
851 1225 969 1264 acervus
983 1218 1012 1265 et
1026 1206 1088 1264 auri

338 1287 458 1363 AEgroto
472 1286 580 1345 domini
593 1286 711 1343 deduxit
725 1305 842 1362 corpore
856 1286 958 1358 febres,

328 1365 406 1438 >Non
420 1367 515 1424 animo
528 1384 618 1422 curas.
659 1364 761 1422 Valeat
775 1384 917 1441 possessor
931 1375 1050 1442 oportet,

337 1445 371 1503 Si
384 1445 566 1520 comportatis
581 1443 665 1500 rebus
679 1444 752 1501 bene
766 1445 873 1519 cogitat
887 1446 936 1501 nti.

336 1523 399 1585 Qui
413 1525 491 1600 cupit
504 1533 553 1588 aut
567 1522 677 1593 metuit,
688 1524 767 1598 juvat
781 1523 860 1580 illum
876 1524 917 1581 sic
931 1526 1033 1581 domus
1046 1533 1075 1580 et
1088 1540 1144 1595 res,

336 1601 376 1661 Ut
389 1603 496 1679 lippum
509 1602 592 1679 pictae
606 1601 720 1675 tabulae,
734 1602 859 1660 fomenta
872 1604 1037 1679 podagram,

336 1682 490 1740 Auricrdas
505 1681 620 1739 citharae
635 1682 755 1739 collectd
769 1684 852 1741 sorde
871 1684 1007 1740 dolentes.

337 1762 489 1819 Sincerum
503 1772 546 1818 est
558 1760 614 1827 nisi
629 1779 686 1833 vas,
700 1764 889 1837 quodcunque
903 1762 1028 1819 infundis
1042 1760 1156 1819 acescit

337 1841 448 1917 Sperne
461 1841 634 1916 voluptates:
655 1851 740 1897 nocet
753 1853 848 1917 empta
862 1842 957 1899 dolore
971 1841 1107 1917 voluptas.

232 1927 238 1932 ’
336 1921 456 1995 Semper
469 1939 569 1977 avarus
583 1929 665 1994 cget3
687 1917 797 1977 certum
811 1929 875 1978 voto
888 1931 952 1995 pete
966 1920 1060 1977 finem.

336 1997 455 2056 Invidus
469 1999 584 2057 alterius
597 1999 748 2056 macrescit
761 2000 847 2056 rebus
859 1999 962 2074 opimis
975 2018 981 2056 :

336 2076 450 2134 Invidit
464 2077 554 2137 Siculi
567 2095 625 2134 non
639 2075 775 2135 invendre
789 2078 902 2152 tyranni

336 2154 432 2231 Majus
445 2165 625 2214 tormentum.
665 2155 728 2217 Qui
742 2175 801 2213 non
815 2157 1005 2214 moderabitur
1019 2158 1078 2229 irae,

336 2234 480 2293 Infectum
493 2235 567 2292 volet
580 2252 652 2304 esse,
667 2234 744 2291 dolor
758 2236 833 2310 quod
847 2236 966 2292 suaserit
980 2246 1009 2292 et
1021 2254 1114 2308 mens,

335 2312 414 2371 Dum
427 2333 525 2390 poenas
538 2314 604 2371 odio
617 2331 667 2388 per
680 2313 736 2370 vim
750 2314 864 2371 festinat
878 2314 977 2371 inulto.

336 2392 384 2451 Ira
398 2393 473 2451 furor
487 2393 579 2451 brevis
593 2404 652 2450 est:
674 2392 801 2450 animum
815 2412 893 2469 rege,
907 2394 965 2469 qui,
980 2393 1034 2452 nisi
1048 2402 1138 2470 paret,

335 2471 477 2548 Imperat:
499 2475 576 2531 hunc
591 2473 694 2544 fraenis,
709 2474 785 2530 hunc
799 2484 830 2530 tu
844 2493 994 2550 compesce
1008 2474 1119 2531 catena.

335 2551 435 2628 Fingit
448 2571 552 2628 equum
566 2553 664 2610 tenera
678 2553 801 2610 docilem
815 2553 926 2610 cervice
941 2553 1073 2628 magister

244 2638 250 2645 '
335 2629 383 2689 Ire
397 2633 471 2690 viam
485 2633 541 2707 qud
555 2642 692 2689 monstret
705 2652 801 2707 eques.
842 2633 1010 2704 Venaticus,
1024 2650 1060 2688 ex
1073 2649 1129 2706 quc

335 2710 480 2787 Tempore
495 2712 637 2769 cervinam
651 2711 754 2786 pellem
768 2712 879 2769 latravit
892 2712 922 2768 in
934 2712 1008 2783 auli,

335 2788 441 2848 Militat
454 2792 485 2848 in
499 2791 574 2848 silvis
588 2792 709 2848 catulus.
750 2790 839 2848 Nunc
853 2791 956 2847 adhibe
969 2809 1041 2867 puro

334 2869 454 2927 Pectore
468 2871 560 2941 verba,
575 2889 661 2944 puer;
683 2888 761 2926 nunc
776 2880 804 2926 te
818 2869 982 2926 melioribus
994 2869 1073 2926 offer.

333 2947 403 3009 Quo
417 2948 504 3005 semel
515 2960 558 3006 est
572 2950 680 3005 imbuta
693 2967 804 3019 recens,
818 2948 939 3004 servabit
951 2949 1067 3004 odorem

324 3028 413 3086 Testa
426 3027 484 3083 diu.
524 3024 616 3089 Quod
630 3026 653 3082 si
668 3046 772 3097 cessae,
787 3038 836 3083 aut
850 3037 982 3082 strenuus
995 3024 1097 3097 anteis,

333 3105 399 3163 Nec
412 3107 525 3163 tardum
538 3105 676 3180 opperior,
690 3124 746 3162 nec
760 3104 987 3180 praecedentibus
1001 3104 1084 3161 insto.

646 3418 849 3478 EPISTOLA
869 3419 928 3478 III.

628 3557 668 3596 AD
681 3558 791 3598 summu
806 3558 938 3598 FLORUM.

332 3658 401 3717 Jnm
415 3657 510 3729 Flore,
524 3659 626 3733 quibus
640 3670 778 3717 terrarum
792 3659 893 3716 militet
906 3659 962 3716 oris

333 3737 597 3814 ClaudiusAugusti
610 3738 765 3814 privignus,
780 3739 853 3795 scire
867 3737 971 3795 laboro.

332 3815 486 3874 Thracane
500 3836 559 3888 vos,
574 3816 745 3892 Hebrusque
757 3817 843 3875 nivali
856 3817 994 3891 compede
1008 3815 1130 3889 vinctus,

333 3896 382 3952 An
397 3895 467 3952 freta
480 3895 587 3952 vicinas
601 3894 674 3952 inter
689 3895 832 3952 currentia
844 3906 946 3967 turres,

333 3975 382 4031 An
396 3973 517 4050 pingues
530 3975 609 4031 Asiae
623 3974 717 4049 campi
730 3975 874 4048 collesque
888 3976 1056 4032 moranturl
1261 3975 1282 4034 5

331 4053 414 4115 Quid
428 4054 553 4111 studiosa
567 4055 668 4111 cohors
681 4072 799 4130 operum
813 4052 914 4111 struitl
955 4053 1028 4111 Haec
1041 4072 1153 4130 quoque
1166 4072 1255 4113 curo:

332 4132 409 4194 Quis
422 4132 476 4190 sibi
489 4152 535 4190 res
548 4143 642 4210 gestas
656 4132 782 4209 Augusti
795 4133 919 4191 scribere
933 4134 1041 4191 sumitl
