3084 4900
544 600 791 649 EPISTOLARUM
809 600 874 649 LlB.
892 601 928 649 Il.
945 603 969 649 2.

289 743 382 817 Idem,
398 742 485 801 finitis
498 745 600 803 studiis
613 754 642 801 et
655 755 750 801 mente
764 742 890 819 receptd,

288 824 430 882 Obturem
443 824 554 898 patulas
568 820 685 898 impune
701 823 862 899 legentibus
876 842 966 880 aures.

329 902 473 959 Ridentur
487 902 562 959 mala
575 903 623 977 qui
637 913 813 978 componunt
827 902 970 959 carmina:
991 898 1090 960 verdm

288 981 424 1038 Gaudent
437 981 604 1052 scribentes,
617 992 647 1037 et
661 1000 691 1037 se
706 991 885 1051 venerantur,
899 991 928 1037 et
942 981 1024 1054 ultre,

290 1062 323 1118 Si
336 1071 442 1131 taceas,
457 1059 584 1131 laudant,
599 1059 736 1134 quidquid
751 1057 901 1135 scripsere,
918 1060 1001 1117 beati.

291 1141 340 1211 At,
354 1138 403 1213 qui
417 1138 575 1213 legitimum
589 1139 685 1213 cupiet
699 1138 800 1194 fecisse
815 1142 929 1214 poema,

290 1218 366 1275 Cum
380 1218 484 1274 tabulis
498 1219 625 1274 animum
639 1217 765 1274 censoris
779 1228 873 1274 sumet
887 1218 1015 1287 honesti;

291 1296 419 1354 Audebit
432 1315 608 1371 quaecunque
621 1315 721 1371 parum
736 1296 894 1372 splendoris
908 1296 1063 1369 habebunt,

290 1376 329 1433 Et
342 1376 404 1431 sine
418 1376 543 1450 pondere
557 1386 650 1446 erunt,
664 1386 693 1432 et
707 1376 814 1432 honore
828 1375 947 1451 indigna
960 1375 1096 1449 ferentur,

291 1454 388 1512 Verba
401 1473 514 1511 movere
528 1455 601 1525 lonc,
615 1454 742 1528 quamvis
756 1454 845 1510 invita
858 1455 1003 1527 recedant,

290 1534 329 1590 Et
342 1543 489 1590 versentur
504 1534 598 1590 adhuc
613 1532 687 1589 intra
700 1534 856 1608 penetralia
871 1534 975 1591 Vestae.

289 1611 450 1669 Obscurata
464 1613 513 1669 diu
527 1611 630 1687 populo
644 1612 735 1667 bonus
748 1623 839 1683 eruet,
853 1624 937 1686 atque

290 1690 419 1748 Proferet
432 1691 461 1747 in
476 1691 571 1747 lucem
585 1690 713 1766 speciosa
726 1691 864 1747 vocabula
878 1710 982 1762 rerum,

289 1770 377 1841 Quae,
391 1770 491 1845 priscis
505 1780 660 1826 memorata
673 1769 831 1826 Catonibus
845 1780 928 1844 atque
942 1768 1089 1845 Cethegis,

290 1848 320 1906 N
322 1867 379 1905 unc
393 1848 464 1905 situs
478 1848 605 1906 informis
618 1849 720 1923 premit
733 1858 763 1905 et
777 1848 887 1904 deserta
901 1858 1042 1905 vetustas:

290 1928 443 1985 Adsciscet
457 1947 539 1999 nova,
553 1945 617 2002 quae
631 1926 741 2002 genitor
755 1928 919 2001 produxerit
932 1945 1008 1983 usus.

289 2006 454 2064 Vehemens
465 2017 494 2063 et
507 2006 638 2081 liquidus,
653 2024 778 2081 puroque
793 2006 951 2063 simillimus
966 2007 1053 2080 amni,

289 2085 405 2142 Fundet
417 2105 495 2161 opes,
511 2085 679 2160 Latiumque
695 2085 789 2142 beabit
804 2086 888 2143 divite
901 2086 1009 2162 lingua.

290 2165 477 2222 Luxuriantia
490 2175 662 2239 compescet,
676 2165 760 2221 nimis
775 2184 874 2239 aspera
887 2185 957 2223 sano

289 2244 408 2302 Levabit
422 2244 510 2316 cultu,
525 2245 626 2302 virtute
640 2246 766 2302 carentia
780 2245 876 2303 tollet:

290 2323 429 2381 Ludentis
444 2324 568 2399 speciem
582 2325 669 2395 dabit,
684 2336 713 2381 et
727 2326 910 2399 torquebitur,
925 2326 1019 2401 utqui

289 2402 379 2461 Nunc
394 2404 536 2479 Satyrum,
551 2421 630 2460 nuuc
645 2415 785 2479 agrestem
801 2403 927 2480 Cyclopa
941 2416 1077 2464 movetur.

330 2483 506 2540 Praetulerim
521 2485 639 2558 scriptor
653 2483 759 2540 delirus
772 2483 905 2557 inersque
920 2485 1018 2556 videri,

289 2561 367 2618 Dum
383 2581 447 2619 mea
460 2562 604 2619 delectent
618 2562 692 2618 mala
706 2581 761 2632 me,
777 2562 819 2617 vel
835 2562 957 2636 denique
972 2564 1080 2635 fallant,

288 2639 388 2703 Quam
403 2660 511 2716 sapere,
525 2651 554 2696 et
568 2641 650 2715 ringi.
692 2639 760 2696 Fuit
774 2640 849 2696 haud
865 2641 997 2715 ignobilis
1011 2643 1108 2719 Argis,

288 2721 351 2782 Qui
365 2740 395 2777 se
409 2719 544 2776 credebat
558 2719 643 2774 miros
658 2717 755 2773 audire
770 2720 921 2793 tragoedos,

289 2799 325 2856 In
341 2817 431 2855 vacuo
445 2799 526 2853 laetus
541 2817 632 2854 sessor
642 2797 811 2872 plausorque
825 2799 935 2856 theatro
943 2819 951 2869 ;

289 2878 402 2936 Caetera
416 2876 463 2951 qui
479 2877 541 2932 vitae
555 2887 678 2933 servaret
692 2877 789 2933 munia
802 2889 880 2935 recto

289 2956 389 3023 More;
411 2956 502 3012 bonus
516 2952 585 3012 saud
600 2956 720 3028 vicinuS,
735 2957 865 3013 amabilis
878 2958 989 3033 hospes,

290 3036 388 3093 Comis
402 3035 432 3092 in
447 3054 580 3104 uxorem3
601 3048 696 3111 posset
710 3036 757 3110 qui
771 3037 921 3111 ignoscere
935 3038 1032 3111 servis,

290 3115 328 3172 Et
342 3115 423 3190 signo
437 3115 503 3171 laeso
517 3135 575 3172 non
590 3115 714 3172 insanire
728 3116 853 3190 lagenae3

290 3194 389 3251 Posset
402 3195 450 3268 qui
465 3213 564 3269 rupem
579 3206 608 3251 et
621 3208 737 3270 puteum
752 3196 840 3252 vitare
853 3206 1007 3271 patentem.

290 3272 349 3329 Hic
362 3274 421 3343 ubi,
436 3285 621 3347 cognatorum
635 3275 736 3350 opibus
750 3274 881 3350 curisque
895 3276 1028 3349 refectus,

289 3352 405 3427 Expulit
418 3352 542 3410 elleboro
557 3354 686 3410 morbum
700 3353 841 3428 bilemque
855 3373 979 3426 meraco,

289 3431 327 3488 Et
340 3432 413 3488 redit
427 3432 462 3488 ad
476 3450 554 3488 sese:
577 3436 594 3461 “
607 3432 669 3503 Pol,
684 3451 730 3488 me
743 3433 898 3503 occidistis,
913 3434 1008 3503 amici,

289 3508 358 3570 Non
372 3506 531 3582 servdstis,''
547 3510 595 3581 ait,
610 3515 628 3540 “
639 3511 686 3566 cui
700 3511 742 3566 sic
755 3521 865 3567 extorta
878 3512 1014 3586 voluptas,

289 3589 327 3645 Et
340 3589 471 3664 demptus
484 3608 533 3663 per
547 3590 603 3645 vim
618 3589 721 3644 mentis
734 3589 910 3663 gratissimus
924 3591 1030 3647 error.”

328 3665 474 3723 Nimirum
488 3687 586 3744 sapere
601 3678 644 3724 est
658 3667 776 3742 abjectis
790 3667 859 3724 utile
873 3669 967 3743 nugis,

289 3745 327 3803 Et
340 3747 537 3821 tempestivum
550 3747 647 3822 pneris
661 3746 820 3803 concedere
834 3746 932 3803 ludum
944 3766 951 3816 ;

288 3827 335 3883 Ac
349 3844 407 3882 non
421 3827 506 3883 verba
520 3826 599 3901 sequi
614 3826 717 3882 fidibus
731 3826 905 3883 modulanda
918 3825 1040 3900 Latinis,

290 3905 347 3961 Sed
361 3923 434 3962 verae
449 3924 638 3980 numerosque
652 3906 805 3979 modosque
820 3906 948 3963 ediscere
962 3906 1034 3963 vitae.

287 3983 436 4044 Quocirca
449 4003 563 4041 mecum
577 3986 674 4059 loquor
689 3985 761 4056 haec,
776 3984 936 4059 tacitusque
949 3985 1100 4043 recordor:

288 4066 307 4093 “
323 4063 355 4119 Si
368 4063 419 4119 tibi
434 4062 513 4119 nulla
526 4063 601 4120 sitim
613 4063 706 4120 finiret
720 4063 803 4138 copia
816 4063 947 4139 lymphae,

287 4139 427 4199 Narrares
440 4142 575 4199 medicis:
597 4139 674 4216 qudd
688 4140 795 4217 quantb
811 4144 893 4217 plura
904 4142 1021 4219 parasti,
