3084 4900
563 594 703 646 EPODON
721 594 833 646 LIBER

622 820 706 877 ODE
719 820 776 878 XI.

507 957 548 996 An
569 958 708 998 POPULUM
729 959 891 1000 Romanum·

284 1059 413 1117 Aurana
424 1056 483 1134 jam
498 1058 597 1116 teritur
611 1058 691 1115 bellis
705 1059 836 1116 civilibus
851 1070 929 1133 aetas‚

324 1138 391 1197 Suis
403 1148 433 1196 et
447 1138 508 1213 ipsa
521 1137 618 1195 Roma
632 1138 737 1194 viribus
751 1139 824 1196 ruit:

282 1216 380 1279 Quam
395 1235 488 1291 neque
502 1217 614 1273 finitimi
629 1217 778 1274 valuerunt
792 1218 911 1293 perdere
925 1216 1026 1292 Marsi,

323 1296 448 1354 Minacis
462 1306 511 1353 aut
524 1295 646 1353 Etrusca
659 1296 791 1354 Porsenae
805 1316 917 1369 manus,

285 1376 402 1435 AEmula
415 1394 470 1432 nec
484 1375 572 1431 virtus
586 1375 702 1450 Capua,
717 1395 772 1433 nec
792 1378 945 1451 Spartacus
959 1395 1034 1451 acer,
1173 1380 1194 1436 5

324 1455 468 1530 Novisque
483 1454 568 1511 rebus
584 1454 705 1511 infidelis
720 1456 866 1528 Allobrox,

283 1533 348 1592 Nec
362 1534 422 1591 sera
435 1529 560 1590 e‘oerulea
574 1534 682 1591 domuit
696 1535 851 1593 Germania
865 1535 951 1611 pube,

322 1613 548 1687 Parentibusque
563 1613 741 1671 abominatus
756 1614 919 1673 Hannibal:

283 1692 376 1768 Impia
389 1692 542 1768 perdemus
556 1693 648 1749 devoti
663 1693 811 1767 sanguinis
825 1704 902 1766 aetas,

323 1771 459 1847 Ferisque
473 1790 570 1828 rursus
583 1772 768 1846 occupabitur
784 1772 884 1828 solum.
1154 1775 1191 1831 10

283 1848 435 1924 Barbarus,
450 1850 522 1907 heu!
545 1850 657 1907 cineres
671 1852 783 1908 insistet
797 1851 895 1923 victor,
909 1860 939 1908 et
953 1849 1060 1908 Urbem

267 1931 269 1937 ’
321 1930 416 2005 Eques
430 1940 549 1987 sonante
563 1930 722 1986 verberabit
736 1931 859 2005 unguld:

281 2007 413 2084 Quaeque
428 2019 526 2066 carent
541 2010 631 2066 ventis
645 2020 673 2066 et
688 2010 804 2080 solibus,
818 2028 883 2066 ossa
895 2008 1024 2080 Quirini,

321 2087 413 2145 Nefas
428 2089 538 2145 videre!
562 2089 708 2164 dissipabit
722 2089 855 2147 insolens.

281 2164 379 2237 Forte,
393 2168 461 2242 quid
475 2168 615 2242 expediat,
631 2170 830 2241 communiter,
845 2177 894 2226 aut
908 2168 1009 2226 melior
1021 2185 1097 2245 pars,
1152 2169 1189 2226 15

321 2246 408 2303 Malis
421 2266 518 2304 carere
533 2248 657 2321 quaeritis
671 2248 822 2306 laboribus.

281 2324 370 2383 Nulla
383 2326 420 2382 sit
433 2327 487 2383 huc
501 2329 591 2402 potior
605 2328 761 2386 sententia:
784 2328 970 2385 Plooaeorum

321 2404 409 2463 Velut
421 2406 545 2482 profugit
558 2416 704 2465 exsecrata
718 2408 826 2480 civitas,

281 2484 376 2562 Agros
390 2495 472 2559 atque
487 2485 574 2542 Lares
587 2487 722 2561 proprios,
738 2487 947 2561 habitandaque
961 2487 1029 2544 sana

321 2565 407 2640 Apris
421 2563 535 2639 reliquit
549 2576 577 2621 et
591 2566 741 2639 rapacibus
755 2556 845 2640 lupis3
1148 2566 1188 2623 20

280 2641 327 2700 Ire
340 2643 428 2719 pedes
442 2662 611 2717 quocunque
626 2643 728 2714 ferent,
742 2662 913 2717 quocunque
926 2661 977 2720 per
991 2643 1084 2700 undas

319 2722 414 2780 Notus
429 2722 539 2778 vocabit
552 2732 601 2778 aut
614 2732 762 2796 protervus
777 2722 901 2778 Africus.

281 2801 331 2859 Sic
344 2802 459 2877 placetl
481 2819 517 2856 an
532 2798 635 2858 melitis
649 2809 712 2874 quis
726 2802 812 2858 habet
826 2801 966 2858 suaderet
986 2801 1114 2858 secundia

318 2880 425 2938 Ratern
439 2898 580 2954 occupare
593 2880 662 2954 quid
675 2900 817 2938 moramur
832 2881 918 2938 alitel

327 3038 417 3097 Vadis
430 3039 531 3109 levata,
546 3057 585 3096 ne
598 3039 690 3096 redire
705 3041 741 3097 sit
754 3040 851 3097 nefas:

279 3116 347 3175 Neu
361 3136 497 3174 conversa
511 3118 626 3175 domum
639 3120 735 3194 pigeat
749 3121 817 3176 dare
831 3119 929 3192 lintea,
943 3119 1057 3194 quando

318 3196 414 3253 Padus
427 3196 539 3254 Matina
551 3198 650 3256 laverit
664 3199 831 3268 cacumina;

279 3274 315 3333 In
329 3295 406 3333 mare
421 3295 471 3334 seu
485 3276 578 3333 celsus
591 3279 761 3352 procurrerit
776 3277 949 3354 Apenninus
957 3297 965 3347 3

317 3354 456 3430 Novisque
470 3367 596 3413 monstra
607 3357 733 3431 junxerit
746 3358 865 3415 libidine
1147 3354 1188 3412 30

278 3430 371 3491 Mirus
385 3454 472 3506 amor,
484 3434 563 3510 juvet
578 3446 609 3492 ut
623 3437 708 3511 tigres
722 3437 869 3493 subsidere
882 3435 983 3508 cervis,

318 3513 502 3571 Adulteretur
516 3525 545 3570 et
559 3514 691 3570 columba
704 3515 801 3586 miluo,

278 3591 404 3650 Credula
418 3612 473 3650 uec
487 3612 567 3650 ravos
581 3593 701 3649 timeant
715 3602 843 3650 armenta
855 3593 964 3665 leones,

318 3673 460 3748 Ametque
475 3671 548 3729 salsa
562 3671 630 3728 levis
645 3671 741 3728 hircus
756 3671 898 3746 aequora.’'

277 3748 362 3823 IIaec,
376 3762 405 3809 et
418 3770 482 3826 quae
495 3763 628 3827 poterunt
641 3751 749 3808 reditus
764 3751 933 3808 abscindere
947 3749 1057 3824 dulces,
1147 3749 1188 3808 35

316 3829 424 3887 Eamus
437 3832 530 3887 omnis
544 3842 690 3888 exsecrata
704 3831 813 3903 civitas,

277 3908 339 3966 Aut
351 3928 416 3985 pars
430 3910 546 3967 indocili
561 3911 659 3968 melior
673 3931 777 3987 grege:
799 3910 891 3969 mollis
904 3920 934 3968 et
947 3926 1050 3986 exspes

317 3987 480 4046 Inominata
493 3991 647 4066 perprimat
661 3991 776 4048 cubilia.

276 4065 346 4138 Vos,
360 4068 464 4143 quibus
477 4080 520 4125 est
533 4070 630 4141 virtus,
645 4070 814 4127 muliebrem
827 4071 916 4129 tollite
928 4069 1050 4144 luctum,

299 4145 440 4251 ’ἔπεσα
452 4159 554 4284 ρῐθωῐθτ
568 4160 597 4205 et
610 4150 701 4206 volate
715 4149 817 4207 littora.
1148 4145 1188 4205 ‘¹⁰
