3084 4900
321 598 360 657 96
649 597 680 652 o.
698 593 846 643 nonnrn
861 567 958 641 nnnc}
969 592 986 641 1

361 738 516 814 Sisyphus:
538 738 616 795 hunc
629 738 749 809 Varum,
762 736 887 795 distortis
900 736 1048 806 cruribus;
1069 735 1150 794 illum

362 816 489 875 Balbutit
504 817 655 889 Scaurum,
669 816 763 892 pravis
777 816 878 873 fultum
894 813 968 874 male
983 814 1056 873 talis.

278 917 281 922 ·
361 892 480 953 Parcius
494 896 541 953 hic
555 896 640 954 vivitl
661 896 736 971 frugi
750 896 878 953 dicatur:
899 896 1013 970 ineptus

361 973 399 1031 Et
409 974 560 1050 jactantior
574 975 622 1032 hic
635 972 721 1051 paulb
736 975 799 1031 estl
819 975 980 1031 concinnus
993 972 1094 1030 amicis

361 1053 488 1111 Postulat
501 1064 533 1111 ut
546 1054 673 1110 videatur
686 1073 692 1111 :
714 1064 743 1110 at
756 1067 799 1109 est
812 1052 1008 1124 truculentior,
1022 1063 1106 1127 atque

361 1131 431 1190 Plbs
445 1152 525 1207 aequo
538 1133 628 1189 liberl
649 1132 769 1207 simplex
783 1131 916 1205 sortisque
929 1130 1080 1208 habeatur,

361 1211 477 1269 Caldior
491 1212 556 1268 estl
577 1230 657 1269 acres
671 1211 744 1267 inter
758 1222 939 1267 numeretur:
960 1210 1071 1284 opinor,

362 1290 436 1347 Haec
449 1310 494 1348 res
509 1300 537 1346 et
547 1289 651 1366 jungit,
664 1289 779 1365 junctos
793 1299 821 1345 et
835 1298 927 1346 servat
940 1289 1056 1346 amicos.

362 1371 403 1427 At
417 1388 468 1426 nos
481 1369 598 1425 virtutes
610 1368 685 1444 ipsas
698 1368 873 1439 invertimus,
888 1377 971 1443 atque

362 1449 513 1504 Sincerum
527 1447 659 1522 cupimus
672 1467 721 1503 vas
735 1448 902 1504 incrustare.
938 1447 1046 1505 Probus
1060 1446 1123 1522 quis

360 1526 521 1584 Nobiscum
534 1526 618 1596 vivit3
640 1523 760 1584 multllm
775 1536 819 1584 est
832 1526 972 1584 demissus
986 1527 1087 1584 homo:
1108 1526 1149 1584 illi

361 1605 459 1663 Tardo
473 1624 632 1681 cognomen
646 1606 746 1682 pingui
761 1606 878 1663 damus:
900 1606 947 1663 hic
962 1605 1034 1682 fugit
1046 1624 1147 1663 omnes

360 1683 493 1758 Insidias,
508 1685 633 1759 nullique
647 1686 721 1743 malo
735 1685 808 1743 latus
821 1685 900 1743 obdit
914 1695 1052 1761 apertum,

359 1764 461 1825 Quum
476 1783 567 1840 genus
581 1765 636 1821 hoc
650 1766 724 1823 inter
738 1766 801 1822 vitae
816 1774 951 1837 versetur,
966 1764 1015 1821 ubi
1029 1762 1104 1821 acris

360 1841 474 1902 Invidia
488 1856 570 1918 atque
584 1844 681 1920 vigent
695 1844 744 1901 ubi
758 1844 896 1913 crimina;
918 1863 969 1919 pro
982 1844 1056 1901 bene
1071 1861 1142 1902 sanc

361 1923 407 1979 Ac
421 1942 479 1979 non
494 1924 619 1997 incauto,
634 1923 732 1980 lictum
747 1934 927 1998 astutumque
941 1940 1084 1980 vocamus.

361 2001 521 2077 Simplicior
535 2002 607 2077 quis,
622 2012 651 2060 et
664 2015 707 2059 est
719 2004 831 2076 qualem
846 2021 891 2059 me
906 1999 981 2078 saepd
995 2002 1117 2059 libenter

360 2080 522 2138 Obtulerim
536 2081 598 2153 tibi,
613 2080 768 2154 MaecenaS,
785 2092 815 2137 ut
830 2078 900 2138 forte
914 2081 1058 2156 legentem

361 2160 422 2217 Aut
434 2159 552 2218 taciturn
567 2160 693 2235 impellat
705 2161 804 2235 quovis
817 2180 947 2217 sermone
958 2162 970 2216 l
991 2165 1008 2191 “
1022 2159 1178 2218 Molestusl

360 2238 514 2296 Communi
529 2258 615 2295 sensu
629 2236 714 2313 planti
729 2240 835 2310 caret,”
852 2238 1003 2314 inquimus.
1038 2238 1141 2297 Eheu!

359 2315 459 2378 Quam
473 2314 581 2374 temer&
597 2318 625 2374 in
640 2328 751 2375 nosmet
763 2317 857 2393 legem
871 2317 1016 2375 sancimus
1030 2318 1173 2394 iniquam!

296 2470 300 2477 Ι
360 2395 437 2454 Nam
451 2396 525 2455 vitiis
539 2416 623 2461 nemo
637 2398 699 2455 sine
713 2398 859 2455 nascitur:
880 2397 1003 2474 optimus
1016 2397 1064 2456 illc
1077 2408 1122 2456 est

359 2477 422 2538 Qui
436 2477 562 2535 minimis
577 2490 701 2554 urgetur.
742 2478 863 2535 Amicus
877 2477 979 2550 dulcis,
990 2489 1022 2536 ut
1037 2497 1148 2553 aequum
1161 2488 1215 2552 est,

359 2557 461 2617 Quum
475 2576 540 2614 mea
553 2569 719 2633 compenset
732 2557 807 2614 vitiis
822 2558 905 2630 bona,
919 2557 1047 2634 pluribus
1061 2557 1151 2631 hisce,
1272 2558 1312 2616 70

361 2636 393 2692 si
407 2635 492 2694 modo
506 2638 587 2712 plura
601 2638 671 2694 mibi
685 2638 760 2695 bona
774 2648 849 2709 sunt,
865 2638 1001 2695 inclinet:
1022 2636 1111 2695 amari

361 2715 393 2772 si
407 2715 482 2774 volet
496 2719 550 2775 hac
565 2718 639 2793 lege,
655 2718 684 2774 in
699 2718 806 2775 trutina
820 2729 940 2793 ponetur
954 2717 1064 2774 eadem.

359 2794 422 2855 Qui
436 2815 472 2853 ne
487 2798 633 2854 tuberibus
646 2798 766 2872 propriis
780 2797 905 2854 offendat
919 2796 1044 2853 amicum

360 2873 497 2947 Postulat,
512 2877 641 2951 ignoscet
655 2875 779 2932 verrucis
794 2875 885 2931 illius:
908 2894 1019 2951 aequum
1033 2885 1077 2932 est

360 2952 490 3010 Peccatis
504 2954 615 3010 veniam
629 2964 794 3029 poscentem
808 2954 927 3010 reddere
941 2972 1046 3010 rursus.
1274 2955 1314 3012 75

399 3031 540 3106 Denique,
555 3034 696 3108 quatenus
710 3031 804 3088 excidi
819 3029 933 3107 penitirs
947 3031 1046 3088 vitium
1060 3030 1120 3103 irae,

360 3111 472 3168 Caetera
485 3112 553 3167 item
568 3121 715 3186 nequeunt
728 3110 821 3167 stultis
835 3110 986 3167 haerentia:
1008 3129 1059 3167 cur
1073 3128 1132 3167 non

359 3189 537 3246 Ponderibus
550 3190 727 3264 modulisque
741 3189 800 3245 suis
814 3189 884 3246 ratio
898 3189 995 3262 utitur,
1010 3208 1044 3247 ac
1058 3208 1103 3246 res

359 3267 397 3326 Ut
410 3287 528 3343 quaeque
542 3279 594 3341 est,
610 3269 648 3325 ita
662 3268 808 3343 suppliciis
821 3267 925 3325 delicta
939 3270 1074 3327 coercetl

359 3345 391 3402 Si
406 3348 468 3422 quis
482 3367 548 3404 eum
562 3366 684 3419 servum,
699 3347 825 3422 patinam
839 3347 888 3422 qui
901 3346 998 3405 tollere
1009 3347 1105 3424 jussus
1272 3349 1313 3408 8⁰

360 3428 493 3483 Semesos
506 3427 599 3501 pisces
613 3426 797 3502 tepidumque
811 3426 965 3501 ligurrierit
975 3426 1033 3503 jus,

359 3504 394 3562 In
409 3525 494 3563 cruce
509 3507 631 3583 suffigat,
645 3506 780 3564 Labeone
794 3506 920 3563 insanior
934 3507 1007 3563 inter

359 3585 451 3642 Sanos
465 3586 584 3643 dicatur.
618 3583 739 3648 Quanto
755 3587 809 3643 hoc
824 3585 955 3643 furiosius
969 3597 1052 3660 atque

358 3662 453 3740 Majus
466 3678 616 3740 peccatum
630 3667 688 3724 est!
724 3664 846 3724 Paulum
860 3665 977 3740 deliquit
990 3663 1101 3721 amicus

360 3742 462 3820 (Quod
476 3745 531 3801 nisi
547 3747 699 3816 concedas,
713 3745 836 3802 habeare
848 3744 1005 3822 insuavis);
1028 3744 1149 3801 acerbus
1268 3743 1310 3802 85

358 3822 464 3894 Odisti,
478 3834 506 3880 et
521 3823 604 3898 fugis,
620 3834 650 3881 ut
664 3824 826 3881 Drusonem
841 3823 950 3881 debitor
965 3823 1037 3895 aeris,

358 3901 429 3973 Qui,
444 3902 509 3971 nisi,
524 3921 611 3976 quum
625 3902 719 3960 tristes
733 3903 837 3959 misero
850 3901 961 3960 vendre·
969 3903 1118 3974 Kalendae,

359 3979 525 4044 Mercedem
539 3991 588 4038 aut
601 4001 733 4038 nummos
746 3983 824 4038 unde
839 3983 916 4038 unde
930 3982 1058 4054 extricat,
1073 3998 1184 4039 amaras

359 4059 493 4117 Porrecto
504 4060 605 4136 jugulo
619 4060 758 4132 historias,
773 4061 900 4140 captivus
914 4072 955 4132 ut,
970 4061 1058 4119 audit.

358 4137 537 4198 comminxit
549 4140 656 4197 lectum
670 4149 762 4217 potus,
776 4140 911 4198 mensave
925 4141 1053 4199 catillum
