3084 4900
287 604 344 662 172
608 602 638 658 Q.
657 602 943 651 Honarr1nnacc1

324 744 511 819 Pulchraque,
526 754 554 800 et
565 744 671 801 exactis
684 742 834 801 minimum
848 743 990 815 distantia,
1004 743 1098 802 miror.

324 821 403 881 Inter
417 841 479 897 quae
493 823 609 879 verbum
623 824 739 879 emicuit
753 824 776 879 si
791 821 861 879 forte
876 824 1021 897 decorum,
1035 833 1064 879 et

325 902 357 958 Si
371 920 467 957 versus
480 897 566 977 pauld
580 901 747 958 concinnior
761 921 835 957 unus
846 912 874 958 et
887 901 967 972 altor,

239 1021 245 1029 .
324 977 434 1054 Injuste
449 990 537 1036 totum
553 980 632 1036 ducit
645 980 796 1055 venditque
810 984 920 1056 poema.
1230 980 1272 1036 75

323 1056 462 1133 Indignor
475 1058 626 1132 quidquam
640 1058 818 1133 reprehendi,
833 1075 890 1113 non
905 1056 970 1130 quia
985 1053 1080 1113 crased

323 1135 517 1211 Compositum
531 1134 679 1210 illepideve
692 1146 815 1210 putetur,
830 1136 879 1190 sed
893 1135 959 1210 quia
972 1154 1062 1211 nuper
1070 1155 1078 1204 ;

323 1214 388 1270 Nec
403 1215 512 1270 veniam
528 1214 658 1287 antiquis,
673 1214 722 1269 sed
738 1214 872 1270 honorem
888 1225 916 1268 et
929 1214 1045 1287 praemia
1058 1214 1145 1289 posci.

324 1289 418 1349 Recte
433 1312 525 1349 necne
540 1311 654 1349 crocum
669 1292 806 1366 floresque
820 1292 996 1366 perambulet
1009 1293 1086 1349 Attae

324 1371 434 1427 Fabula
447 1371 472 1427 si
486 1370 621 1441 dubitem,
636 1370 760 1426 clament
773 1370 889 1445 periisse
903 1370 1039 1444 pudorem
1229 1370 1271 1428 80

324 1448 430 1506 Cuncti
443 1446 517 1523 pend
533 1458 635 1522 patres,
649 1468 684 1504 ea
697 1467 783 1521 quum
798 1448 1004 1523 reprehendere
1018 1467 1104 1506 coner

322 1527 399 1587 Quae
413 1526 505 1602 gravis
520 1526 654 1601 AEsopuS‚
668 1546 729 1601 quae
744 1528 843 1583 doctus
859 1526 984 1582 Roscius
998 1528 1072 1601 egit:

323 1605 378 1661 Vel
391 1605 457 1679 quia
470 1604 510 1661 nil
525 1616 644 1677 rectum,
659 1605 714 1662 nisi
728 1606 802 1680 quod
815 1605 921 1680 placuit
935 1606 997 1676 sibi,
1012 1605 1121 1661 ducunt
1129 1624 1137 1673 3

323 1683 378 1740 Vel
391 1683 458 1757 quia
471 1692 552 1757 turpe
566 1694 666 1758 putant
678 1703 776 1758 parere
790 1683 956 1753 minoribuS,
970 1694 1008 1755 et,
1022 1702 1084 1758 quae

323 1760 448 1819 Imberbi
459 1759 596 1834 didicere,
611 1781 693 1820 senes
707 1763 852 1838 perdenda
866 1761 954 1818 fateri.
1229 1761 1272 1818 85

323 1839 342 1895 J
344 1859 389 1896 am
404 1840 512 1897 Saliare
525 1839 630 1897 Numae
644 1860 759 1897 carmen
773 1841 821 1915 qui
835 1841 939 1912 laudat,
954 1850 982 1897 et
996 1839 1065 1897 illud

323 1919 411 1979 Quod
425 1938 538 1976 mecum
553 1920 664 1996 ignorat
677 1920 753 1977 solus
767 1920 826 1976 vult
839 1919 911 1976 scire
925 1918 1024 1991 videri,

324 1995 453 2073 Ingeniis
465 2017 523 2054 non
537 1998 583 2055 ille
598 1998 671 2054 favet
684 1998 848 2073 plauditque
862 1997 989 2071 sepultis,

323 2074 430 2133 Nostra
443 2076 493 2132 sed
507 2076 664 2152 impugnat,
679 2095 731 2133 nos
744 2087 895 2149 nostraque
908 2075 1010 2131 lividus
1023 2076 1091 2135 odit.

322 2150 412 2214 Quod
427 2154 451 2210 si
464 2164 522 2210 tam
535 2155 629 2210 Graiis
643 2155 751 2211 novitas
766 2154 855 2210 invisa
869 2154 970 2209 suisset
1230 2154 1272 2210 90

323 2229 422 2292 Quam
436 2231 526 2303 nobis,
540 2232 607 2306 quid
621 2249 699 2288 nunc
713 2243 789 2288 esset
802 2232 901 2288 vetusl
922 2242 971 2287 aut
983 2231 1051 2305 quid
1066 2232 1182 2289 haberet

323 2310 412 2370 Quod
425 2310 532 2385 legeret
544 2320 700 2384 tereretque
715 2309 817 2367 viritim
831 2308 963 2384 publicus
976 2311 1065 2366 ususl

363 2388 402 2445 Ut
414 2386 536 2464 primum
550 2388 648 2464 positis
661 2388 762 2465 nugari
775 2388 888 2445 Graecia
902 2386 985 2443 bellis

324 2466 428 2543 Coepit,
442 2478 472 2524 et
484 2466 514 2523 in
529 2468 628 2526 vitium
642 2468 754 2525 fortuna
767 2468 855 2525 labier
870 2468 960 2542 aequd,

324 2545 412 2603 Nunc
426 2546 593 2603 athletarum
608 2547 717 2619 studiis,
732 2566 810 2604 nunc
825 2547 892 2604 arsit
904 2565 1058 2620 equorum3
1229 2546 1271 2604 95

324 2623 475 2682 Marmoris
489 2636 538 2682 aut
550 2625 642 2683 eboris
656 2626 748 2684 fabros
763 2638 812 2683 aut
826 2625 888 2683 aeris
902 2626 1005 2683 amavit
1013 2645 1020 2696 ;

324 2705 480 2780 Suspendit
493 2705 570 2779 picti
584 2706 691 2762 vultum
705 2717 885 2780 mentemque
899 2705 1018 2774 tabellri3

324 2781 413 2840 Nunc
427 2783 601 2855 tibicinibus,
616 2803 695 2841 nunc
708 2795 751 2841 est
764 2785 860 2859 gavisa
873 2783 1023 2858 tragoedis:

325 2861 385 2917 Sub
399 2863 510 2920 nutrice
523 2863 618 2937 puella
631 2864 707 2920 velut
720 2863 744 2918 si
757 2862 868 2919 luderet
881 2861 985 2932 infans,

323 2938 411 2998 Quod
426 2938 530 3014 cupide
542 2941 632 3015 petiit,
646 2937 756 2997 mature
771 2940 856 3014 plena
870 2939 989 3012 reliquit.
1214 2938 1272 2996 100

323 3017 405 3077 Quid
418 3017 511 3092 placet
524 3029 573 3074 aut
586 3019 651 3076 odio
665 3029 717 3090 est,
731 3017 806 3091 quod
819 3035 877 3073 non
891 3015 1026 3073 mutabile
1040 3017 1163 3074 credasl

324 3094 390 3152 Hoc
403 3114 488 3170 paces
502 3094 626 3151 habuere
641 3097 721 3153 bonae
736 3095 867 3168 ventique
881 3094 1009 3151 secundi.

363 3173 465 3229 Romae
480 3172 563 3229 dulce
577 3173 626 3229 diu
640 3174 693 3229 suit
706 3183 735 3229 et
748 3173 874 3228 solemne
888 3172 1000 3228 reclust

324 3248 413 3307 Mane
428 3251 512 3308 domo
525 3250 650 3325 vigilare,
664 3250 761 3307 clienti
776 3269 904 3325 promere
916 3249 990 3325 jura,

325 3329 432 3386 Cautos
444 3328 606 3385 nominibus
619 3329 705 3385 rectis
716 3328 875 3404 expendere
889 3347 1031 3402 nummos,
1213 3332 1270 3391 105

324 3407 448 3482 Majores
462 3406 569 3478 audire,
585 3406 687 3464 minori
701 3408 797 3465 dicere
810 3426 860 3482 per
873 3426 936 3481 quae

325 3486 461 3542 Crescere
476 3504 520 3540 res
533 3495 635 3559 posset,
651 3486 740 3542 minui
755 3487 891 3542 damnosa
904 3487 999 3544 libido.

325 3563 446 3620 Mutavit
459 3574 584 3620 mentem
598 3565 719 3639 populns
732 3565 810 3637 levis,
824 3575 853 3621 et
866 3565 941 3622 calet
955 3584 1013 3623 uno
1071 3601 1073 3604 -

325 3641 475 3699 Scribendi
490 3642 599 3700 studio:
620 3643 755 3718 puerique
768 3654 918 3718 patresque
932 3642 1022 3700 severi

324 3720 438 3777 Fronde
452 3739 547 3778 comas
561 3721 648 3778 vincti
662 3733 777 3778 coenant
791 3732 820 3778 et
832 3722 959 3779 carmina
972 3722 1089 3778 dictant
1214 3723 1271 3783 llll

324 3797 390 3874 Ipse
404 3818 466 3874 ego,
481 3799 529 3873 qui
543 3800 634 3857 nullos
648 3819 693 3856 me
707 3799 816 3856 affirmo
830 3800 953 3856 scribere
967 3817 1074 3872 versus,

324 3876 458 3934 Iuvenior
472 3877 584 3935 Parthis
597 3877 777 3945 mendacior;
798 3887 836 3948 et,
850 3875 928 3952 prihs
941 3888 1003 3934 orto

325 3956 402 4026 Sole,
416 3955 481 4030 vigil
496 3958 637 4013 calamum
652 3967 680 4013 et
694 3956 806 4011 chartas
818 3966 847 4012 et
861 3956 966 4012 scrinia
980 3974 1075 4030 posco.

216 4078 225 4091 .
324 4033 436 4092 Navem
451 4053 534 4109 agere
549 4035 664 4109 ignarus
678 4034 757 4089 navis
771 4034 868 4104 timet;
890 4035 1056 4091 abrotonum
1072 4047 1148 4111 egro

324 4110 394 4171 Non
408 4113 502 4186 audet,
516 4113 571 4170 nisi
584 4114 632 4189 qui
646 4112 755 4185 didicit,
770 4113 853 4184 dare;
875 4114 950 4189 quod
963 4115 1139 4172 medicorum
1153 4123 1197 4173 est
