3084 4900
325 594 381 652 120
643 591 673 646 Q·
692 589 839 638 HORATII
856 588 990 639 FLACCI.

362 736 410 792 Ac
424 732 493 791 mihi
507 752 558 791 seu
572 733 688 810 longum
702 742 766 809 post
779 742 892 808 tempus
904 742 1021 791 venerat
1034 731 1149 809 hospes,

363 814 430 871 Sive
443 832 560 889 operum
574 832 665 870 vacuo
678 823 776 888 gratus
789 813 908 869 conviva
921 830 972 887 per
986 811 1107 869 imbrem

364 892 496 961 Vicinus,
511 891 584 949 bene
598 903 668 964 erat,
683 910 740 949 non
754 891 881 966 piscibus
894 891 964 946 urbe
978 889 1084 966 petitis,

364 971 423 1029 Sed
437 971 515 1047 pullo
526 982 611 1045 atque
625 971 726 1028 hoedo:
748 980 809 1027 tum
823 968 941 1046 pensilis
954 987 1009 1026 uva
1022 968 1166 1026 secundas
1260 970 1318 1029 12⁰

364 1050 402 1108 Et
415 1069 474 1107 nux
487 1049 605 1108 ornabat
619 1067 732 1106 mensas
746 1066 813 1106 cum
827 1048 940 1123 duplice
954 1047 1028 1105 ficu:

363 1129 432 1186 Post
445 1130 500 1187 hoc
513 1129 597 1185 ludus
610 1138 670 1185 erat
683 1127 777 1204 cuppa
790 1138 887 1203 potare
901 1126 1053 1201 magisuri3

363 1209 411 1266 Ac
426 1219 558 1264 venerata
569 1207 668 1278 Ceres,
682 1207 722 1262 ita
735 1205 830 1263 culmo
844 1216 971 1281 surgeret
985 1205 1052 1279 alto,

364 1286 510 1363 Explicuit
522 1285 589 1343 vino
603 1295 756 1342 contractas
767 1284 841 1341 seria
852 1283 960 1342 frontis.
1308 1309 1310 1313 ¹

365 1366 471 1423 Saeviat
484 1376 567 1439 atque
581 1383 669 1422 novos
683 1375 795 1421 moveat
808 1363 936 1421 Fortuna
949 1362 1097 1436 tumultus,
1259 1364 1317 1421 125

363 1440 516 1505 Quantum
528 1443 596 1499 hinc
607 1442 777 1500 imminuetl
797 1440 904 1517 quanto
915 1452 965 1499 aut
975 1461 1030 1518 ego
1040 1436 1165 1517 parcitis,
1176 1450 1227 1501 aut
1236 1461 1297 1516 vos,

365 1524 393 1581 Ο
407 1523 496 1599 pueri,
511 1521 645 1593 nituistis,
657 1531 689 1578 ut
702 1522 757 1578 buc
769 1538 860 1579 nouus
873 1521 969 1579 incola
982 1521 1080 1580 venitl

365 1599 395 1658 N
398 1621 443 1658 arn
457 1601 577 1677 propriae
591 1600 699 1658 telluris
715 1602 816 1657 herum
827 1612 929 1658 natura
941 1619 1034 1675 neque
1048 1599 1139 1673 illum,

366 1680 432 1737 Nec
446 1700 503 1752 me,
518 1698 572 1736 nec
586 1698 746 1754 quenquam
761 1681 874 1738 statuit:
895 1699 947 1737 nos
960 1678 1068 1755 expulit
1081 1679 1148 1751 ille;

366 1759 452 1816 Illum
468 1769 516 1815 aut
530 1758 670 1833 nequities
685 1770 734 1816 aut
747 1760 817 1816 vafri
831 1759 945 1816 inscitia
955 1758 1038 1833 juris,

366 1834 513 1896 Postremo
528 1838 650 1913 expellet
661 1835 739 1895 certe
753 1839 875 1896 vivacior
890 1838 988 1895 haeres.

366 1917 455 1975 Nunc
470 1936 536 1993 ager
550 1916 688 1974 Umbreni
703 1918 756 1974 sub
769 1919 895 1989 nomine,
909 1935 999 1991 nuper
1012 1915 1099 1974 Ofelli

366 1995 479 2067 Dictus,
494 1996 547 2053 erit
561 1996 631 2053 nulli
644 1996 790 2072 proprius3
812 1998 861 2053 sed
875 1996 952 2053 cedit
965 1996 995 2053 in
1008 2014 1094 2053 usum

367 2075 456 2131 Nunc
470 2074 551 2146 mihi,
566 2093 645 2131 nunc
659 2075 724 2131 alii:
745 2075 880 2148 quocirca
893 2074 977 2132 vivite
991 2073 1086 2148 fortes,

367 2152 518 2228 Fortiaque
533 2152 657 2210 adversis
670 2154 805 2229 opponite
819 2163 934 2231 pectora
947 2153 1060 2211 rebus.''

706 2507 864 2567 SATIRA
886 2508 942 2567 ΙΙΙ.

734 2657 911 2693 nAuAsn’PUS.

369 2747 420 2804 Src
434 2742 498 2804 rard
513 2745 622 2819 scribis,
633 2755 665 2803 ut
678 2755 736 2803 toto
749 2762 808 2804 non
818 2756 916 2821 quater
930 2766 1005 2806 anno

368 2825 567 2884 Membranam
580 2845 689 2921 poscas,
701 2824 869 2900 scriptorum
883 2844 1000 2901 quaeque
1013 2836 1154 2901 retexens,

368 2903 463 2962 Iratus
476 2905 528 2961 tibi
541 2905 618 2979 quod
633 2904 692 2962 vini
706 2903 853 2978 somnique
869 2904 1009 2979 benignus

369 2982 419 3041 Nil
433 2976 553 3059 dignum
569 3001 698 3041 sermone
712 3000 808 3038 canas.
841 2981 923 3042 Quid
937 2982 1006 3040 fietl
1026 2983 1063 3040 ab
1076 2983 1145 3062 ipsis

370 3061 571 3119 Saturnalibus
585 3062 643 3118 huc
655 3060 752 3137 fugisti
764 3080 771 3129 3
794 3059 904 3116 sobrius
917 3079 986 3136 ergo

370 3139 426 3197 Die
440 3138 546 3213 aliquid
561 3139 680 3214 dignum
693 3137 855 3214 promissis:
877 3137 981 3215 incipe.
1014 3139 1065 3197 Nil
1079 3151 1131 3199 est.

370 3218 529 3294 Culpnntur
543 3216 647 3275 frustri
660 3217 774 3289 calami,
789 3216 1002 3294 immeritusque
1015 3219 1124 3279 laborat

370 3296 455 3355 Iratis
469 3308 553 3354 natus
567 3295 662 3373 paries
676 3295 721 3352 dis
734 3306 818 3370 atque
831 3296 932 3371 poetis.

370 3376 460 3451 Atqui
474 3376 567 3432 vultus
578 3385 639 3432 erat
649 3375 739 3432 muita
752 3386 782 3432 et
792 3374 928 3451 praeclara
938 3375 1083 3452 minantis,

371 3456 403 3512 Si
418 3474 538 3512 vacuum
553 3455 647 3530 tepido
662 3454 784 3532 cepisset
798 3454 893 3512 villula
905 3466 989 3513 tecto.

370 3534 518 3596 Quorsum
531 3534 668 3610 pertinuit
681 3535 785 3611 stipare
799 3534 920 3592 Platona
933 3534 1110 3606 Menandro;

371 3613 504 3690 Eupolin‚
520 3613 737 3687 Archilochum,
752 3613 871 3672 comites
884 3615 1008 3672 educere
1021 3617 1134 3673 tantosl

372 3691 514 3750 Invidiam
527 3693 639 3770 placare
652 3713 735 3770 paras
746 3694 847 3751 virtute
861 3693 980 3751 relictitl

372 3771 566 3830 Contemnere
580 3771 682 3830 miser:
703 3772 819 3829 vitanda
831 3782 875 3829 est
888 3771 1014 3848 improba
1029 3771 1114 3830 Siren

372 3849 506 3920 Desidia3
528 3861 586 3922 aut,
601 3851 738 3925 quidquid
752 3851 809 3908 vitai
823 3850 938 3908 meliore
948 3851 1064 3926 peristi,

372 3929 540 3987 Ponendum
556 3948 636 4005 aequo
650 3930 753 3986 animo,

754 4058 899 4090 nolemus.

805 4142 844 4201 Di
855 4154 894 4217 te,
908 4143 1091 4224 Damasippe,
1105 4145 1232 4227 demque,
