3084 4900
630 610 660 664 Q.
679 607 825 657 HORATll
843 606 966 655 FLACCl

722 834 807 892 ODE
827 835 867 894 X.

687 973 721 1011 IN
741 972 896 1011 ARBOREM.

459 1073 530 1133 lune
545 1084 573 1131 et
587 1073 697 1130 nefasto
710 1084 738 1130 te
752 1074 845 1148 posuit
859 1073 916 1143 die,

459 1154 635 1227 Quicunque
649 1148 774 1227 primum
788 1162 816 1208 et
831 1150 970 1227 sacrilega
983 1169 1072 1209 manu

499 1231 645 1302 Produxit,
661 1230 752 1302 arbos,
767 1230 797 1287 in
811 1241 947 1305 nepotum

538 1309 710 1380 Perniciem,
725 1309 962 1384 opprobriumque
972 1309 1055 1387 pagi:

460 1389 547 1447 Illum
561 1399 589 1445 et
602 1389 726 1464 parentis
740 1388 910 1445 crediderim
925 1389 969 1445 sui

461 1467 593 1543 Fregisse
607 1468 758 1539 cervicem,
772 1478 802 1524 et
815 1467 971 1543 penetralia

501 1546 643 1623 sparsisse
658 1557 799 1603 nocturno
814 1565 916 1604 cruore

540 1625 685 1701 Hospitis:
707 1625 754 1682 ille
768 1644 879 1683 venena
893 1626 1013 1698 Colcha,
1034 1683 1037 1690 .

461 1704 499 1761 Et
509 1705 645 1779 quidquid
659 1723 778 1780 usquam
793 1706 952 1781 concipitur
965 1705 1055 1778 nefas,

461 1783 617 1856 Tractavit‚
632 1803 699 1860 agro
713 1784 761 1859 qui
775 1785 873 1842 statuit
886 1804 951 1842 meo

500 1862 556 1933 Te,
571 1864 649 1920 triste
663 1863 783 1939 lignum,
798 1873 836 1935 te,
851 1864 991 1921 caducum

539 1941 575 1998 ln
589 1942 697 2000 domini
711 1953 797 2017 caput
811 1944 995 2000 immerentis.

459 2020 541 2081 Quid
555 2022 675 2095 quisque
690 2022 767 2091 vitet,
782 2040 929 2095 nunquam
943 2019 1052 2080 homini
1065 2017 1135 2079 satis

461 2099 584 2156 Cautum
599 2110 651 2171 est,
666 2099 695 2156 in
710 2100 802 2156 horas.
844 2098 950 2156 Navita
963 2099 1121 2176 Bosporum

501 2177 607 2235 Poenus
620 2178 819 2253 perhorrescit,
834 2197 927 2252 neque
941 2176 1015 2237 ultrd

540 2256 627 2313 Caeca
640 2258 720 2314 timet
731 2256 847 2313 aliunde
862 2257 934 2327 fata3

460 2334 546 2394 Miles
560 2336 676 2411 sagittas
689 2346 718 2393 et
731 2335 854 2392 celerem
869 2335 965 2411 sugam

460 2415 574 2486 Parthi;
596 2425 712 2473 catenas
726 2414 847 2473 Parthus
861 2425 890 2473 et
903 2414 1009 2474 Italum

500 2496 618 2554 Robur:
639 2497 690 2553 sed
703 2496 854 2572 improvisa
867 2495 916 2553 leti

539 2575 592 2634 Vis
605 2575 697 2673 rapuit
710 2576 856 2652 rapietque
866 2585 975 2651 gentes.
1003 2613 1020 2630 r.

459 2652 559 2718 Quem
572 2674 647 2732 pene
662 2655 748 2712 furvae
762 2674 851 2732 regna
867 2653 1054 2732 Proserpiuae,

460 2735 499 2793 Et
509 2735 686 2810 judicantem
700 2735 822 2792 vidimus
837 2734 962 2792 AEacum
973 2755 980 2805 ;
993 2774 1014 2782 -

500 2815 645 2889 Sedesque
659 2815 797 2871 discretas
810 2814 922 2889 piorum
936 2824 966 2871 et

540 2893 642 2950 AEoliis
655 2892 759 2948 fidibus
770 2902 937 2966 querentem

461 2973 575 3048 Sappho
588 2971 689 3046 puellis
703 2971 739 3026 de
752 2970 950 3045 popularibus3
974 3016 988 3026 „

459 3051 498 3109 Et
511 3061 538 3108 te
553 3060 701 3108 sonantem
715 3046 828 3124 plenius
840 3068 936 3121 aureo,

499 3130 609 3201 Alcaee,
623 3129 731 3204 plectro
744 3129 816 3184 dura
829 3128 919 3199 navis,

538 3208 620 3266 Dura
634 3209 708 3283 sugae
722 3207 807 3279 mala,
822 3207 894 3263 dura
908 3206 990 3263 belli!

459 3288 616 3363 Utrumque
631 3306 711 3344 sacro
725 3287 813 3361 digna
823 3286 936 3343 silentio

460 3363 603 3424 Mirantur
617 3365 724 3422 umbrae
739 3366 852 3422 dicere:
873 3365 924 3422 sed
938 3361 1030 3440 magis

498 3438 614 3523 Pu'gnas
628 3456 656 3503 et
675 3455 789 3502 exactos
803 3454 937 3519 tyrannos

537 3526 668 3583 Densum
682 3525 809 3584 humeris
823 3524 894 3581 bibit
908 3542 976 3581 aure
989 3521 1100 3598 vulgus.
1129 3561 1135 3567 -

458 3605 540 3667 Quid
554 3606 667 3677 mirum,
682 3604 732 3662 ubi
745 3604 802 3662 illis
815 3604 990 3662 carminibus
1004 3612 1122 3678 stupens

459 3685 590 3743 Demittit
604 3696 677 3743 atras
691 3684 785 3741 bellua
799 3684 945 3759 centiceps

498 3764 603 3835 Aures,
617 3773 646 3820 et
659 3763 755 3820 intorti
769 3762 879 3837 capillis

539 3841 732 3898 Eumenidum
746 3852 911 3897 recreantur
925 3838 1055 3914 anguesl

458 3920 541 3981 Quin
556 3931 584 3978 et
598 3920 793 3989 Prometheus,
808 3930 837 3975 et
850 3918 963 3994 Pelopis
982 3935 1095 3993 parens,

459 3999 546 4058 Dulci
560 3999 689 4057 laborum
704 3998 843 4073 decipitur
857 4015 945 4054 sono:

499 4077 529 4135 N
531 4098 565 4136 ec
580 4088 661 4135 curat
674 4076 765 4134 Orion
780 4077 877 4133 leones

539 4159 600 4215 Aut
614 4157 729 4214 timidos
747 4155 854 4231 agitare
868 4154 975 4230 lyncas.
