<?xml version="1.0" encoding="UTF-8"?>
<!DOCTYPE html PUBLIC "-//W3C//DTD XHTML 1.0 Transitional//EN"
    "http://www.w3.org/TR/xhtml1/DTD/xhtml1-transitional.dtd">
<html xmlns="http://www.w3.org/1999/xhtml" xml:lang="en" lang="en">
 <head>
  <title>
</title>
<meta http-equiv="Content-Type" content="text/html;charset=utf-8" />
  <meta name='ocr-system' content='tesseract 3.04.00' />
  <meta name='ocr-capabilities' content='ocr_page ocr_carea ocr_par ocr_line ocrx_word'/>
</head>
<body>
  <div class='ocr_page' id='page_1' title='image "./quintihoratiifl00horagoog_0047.png"; bbox 0 0 3084 4900; ppageno 0'>
   <div class='ocr_carea' id='block_1_1' title="bbox 607 549 988 650">
    <p class='ocr_par' dir='ltr' id='par_1_1' title="bbox 607 549 988 650">
     <span class='ocr_line' id='line_1_1' title="bbox 607 549 988 650; baseline -0.005 -14"><span class='ocrx_word' id='word_1_1' title='bbox 607 549 802 645; x_wconf 74' lang='lat' dir='ltr'><strong>ouonrru</strong></span> <span class='ocrx_word' id='word_1_2' title='bbox 820 588 943 635; x_wconf 71' lang='lat' dir='ltr'><strong>rancor</strong></span> <span class='ocrx_word' id='word_1_3' title='bbox 980 640 988 650; x_wconf 33' lang='lat'>⁸</span> 
     </span>
    </p>
   </div>
   <div class='ocr_carea' id='block_1_2' title="bbox 688 808 857 867">
    <p class='ocr_par' dir='ltr' id='par_1_2' title="bbox 688 808 857 867">
     <span class='ocr_line' id='line_1_2' title="bbox 688 808 857 867; baseline 0.006 -1"><span class='ocrx_word' id='word_1_4' title='bbox 688 808 772 866; x_wconf 88' lang='lat' dir='ltr'><strong>ODE</strong></span> <span class='ocrx_word' id='word_1_5' title='bbox 787 809 857 867; x_wconf 88' lang='lat' dir='ltr'>VII.</span> 
     </span>
    </p>
   </div>
   <div class='ocr_carea' id='block_1_3' title="bbox 624 930 872 987">
    <p class='ocr_par' dir='ltr' id='par_1_3' title="bbox 624 930 872 987">
     <span class='ocr_line' id='line_1_3' title="bbox 624 930 872 987; baseline 0.008 -3"><span class='ocrx_word' id='word_1_6' title='bbox 624 930 630 937; x_wconf 81' lang='grc'><em>“</em></span> <span class='ocrx_word' id='word_1_7' title='bbox 668 946 708 985; x_wconf 81' lang='lat' dir='ltr'><strong>an</strong></span> <span class='ocrx_word' id='word_1_8' title='bbox 722 948 872 987; x_wconf 81' lang='lat' dir='ltr'><strong>mcrmuru.</strong></span> 
     </span>
    </p>
   </div>
   <div class='ocr_carea' id='block_1_4' title="bbox 381 1045 1057 2148">
    <p class='ocr_par' dir='ltr' id='par_1_4' title="bbox 433 1045 1000 1121">
     <span class='ocr_line' id='line_1_4' title="bbox 433 1045 1000 1121; baseline -0.002 -17"><span class='ocrx_word' id='word_1_9' title='bbox 433 1045 572 1106; x_wconf 79' lang='lat' dir='ltr'><strong>Rncrrus</strong></span> <span class='ocrx_word' id='word_1_10' title='bbox 586 1047 671 1118; x_wconf 74' lang='lat' dir='ltr'><strong>viveS,</strong></span> <span class='ocrx_word' id='word_1_11' title='bbox 687 1046 792 1117; x_wconf 82' lang='lat' dir='ltr'><strong>Licini,</strong></span> <span class='ocrx_word' id='word_1_12' title='bbox 806 1066 899 1121; x_wconf 88' lang='lat' dir='ltr'><strong>neque</strong></span> <span class='ocrx_word' id='word_1_13' title='bbox 914 1047 1000 1104; x_wconf 87' lang='lat' dir='ltr'><strong>altum</strong></span> 
     </span>
    </p>

    <p class='ocr_par' dir='ltr' id='par_1_5' title="bbox 434 1126 1057 1202">
     <span class='ocr_line' id='line_1_5' title="bbox 434 1126 1057 1202; baseline 0.002 -19"><span class='ocrx_word' id='word_1_14' title='bbox 434 1127 552 1202; x_wconf 87' lang='lat' dir='ltr'>Semper</span> <span class='ocrx_word' id='word_1_15' title='bbox 566 1126 704 1200; x_wconf 89' lang='lat' dir='ltr'><strong>urgendo,</strong></span> <span class='ocrx_word' id='word_1_16' title='bbox 719 1144 822 1198; x_wconf 90' lang='lat' dir='ltr'><strong>neque,</strong></span> <span class='ocrx_word' id='word_1_17' title='bbox 837 1126 905 1180; x_wconf 91' lang='lat' dir='ltr'><strong>dum</strong></span> <span class='ocrx_word' id='word_1_18' title='bbox 919 1126 1057 1200; x_wconf 80' lang='lat' dir='ltr'><strong>procellas</strong></span> 
     </span>
    </p>

    <p class='ocr_par' dir='ltr' id='par_1_6' title="bbox 381 1201 1010 1355">
     <span class='ocr_line' id='line_1_6' title="bbox 381 1201 1010 1278; baseline -0.002 -15"><span class='ocrx_word' id='word_1_19' title='bbox 381 1251 391 1272; x_wconf 66' lang='grc'><strong>,,</strong></span> <span class='ocrx_word' id='word_1_20' title='bbox 433 1205 543 1261; x_wconf 88' lang='lat' dir='ltr'><strong>Cautus</strong></span> <span class='ocrx_word' id='word_1_21' title='bbox 557 1204 704 1274; x_wconf 87' lang='lat' dir='ltr'><strong>horrescis,</strong></span> <span class='ocrx_word' id='word_1_22' title='bbox 719 1201 840 1261; x_wconf 79' lang='lat' dir='ltr'><strong>nimium</strong></span> <span class='ocrx_word' id='word_1_23' title='bbox 854 1205 1010 1278; x_wconf 89' lang='lat' dir='ltr'><strong>premendo</strong></span> 
     </span>
     <span class='ocr_line' id='line_1_7' title="bbox 630 1282 883 1355; baseline 0.004 -17"><span class='ocrx_word' id='word_1_24' title='bbox 630 1282 724 1339; x_wconf 88' lang='lat' dir='ltr'><strong>Littus</strong></span> <span class='ocrx_word' id='word_1_25' title='bbox 745 1282 883 1355; x_wconf 89' lang='lat' dir='ltr'><strong>iniquum.</strong></span> 
     </span>
    </p>

    <p class='ocr_par' dir='ltr' id='par_1_7' title="bbox 433 1361 940 1435">
     <span class='ocr_line' id='line_1_8' title="bbox 433 1361 940 1435; baseline 0.006 -19"><span class='ocrx_word' id='word_1_26' title='bbox 433 1361 561 1417; x_wconf 86' lang='lat' dir='ltr'><strong>Auream</strong></span> <span class='ocrx_word' id='word_1_27' title='bbox 575 1361 700 1435; x_wconf 87' lang='lat' dir='ltr'><strong>quisquis</strong></span> <span class='ocrx_word' id='word_1_28' title='bbox 715 1362 940 1419; x_wconf 84' lang='lat' dir='ltr'><strong>mediocritatem</strong></span> 
     </span>
    </p>

    <p class='ocr_par' dir='ltr' id='par_1_8' title="bbox 433 1438 859 1513">
     <span class='ocr_line' id='line_1_9' title="bbox 433 1438 859 1513; baseline 0 -17"><span class='ocrx_word' id='word_1_29' title='bbox 433 1438 543 1513; x_wconf 85' lang='lat' dir='ltr'><strong>Diligit,</strong></span> <span class='ocrx_word' id='word_1_30' title='bbox 558 1450 636 1496; x_wconf 89' lang='lat' dir='ltr'><strong>tutus</strong></span> <span class='ocrx_word' id='word_1_31' title='bbox 649 1451 727 1496; x_wconf 88' lang='lat' dir='ltr'><strong>caret</strong></span> <span class='ocrx_word' id='word_1_32' title='bbox 740 1440 859 1496; x_wconf 92' lang='lat' dir='ltr'><strong>obsoleti</strong></span> 
     </span>
    </p>

    <p class='ocr_par' dir='ltr' id='par_1_9' title="bbox 433 1518 923 1589">
     <span class='ocr_line' id='line_1_10' title="bbox 433 1518 923 1589; baseline -0.002 -13"><span class='ocrx_word' id='word_1_33' title='bbox 433 1518 570 1576; x_wconf 88' lang='lat' dir='ltr'><strong>Sordibus</strong></span> <span class='ocrx_word' id='word_1_34' title='bbox 584 1519 663 1589; x_wconf 89' lang='lat' dir='ltr'><strong>tecti,</strong></span> <span class='ocrx_word' id='word_1_35' title='bbox 677 1529 754 1575; x_wconf 90' lang='lat' dir='ltr'><strong>caret</strong></span> <span class='ocrx_word' id='word_1_36' title='bbox 769 1519 923 1576; x_wconf 71' lang='lat' dir='ltr'><strong>invidenda</strong></span> 
     </span>
    </p>

    <p class='ocr_par' dir='ltr' id='par_1_10' title="bbox 460 1597 838 1674">
     <span class='ocr_line' id='line_1_11' title="bbox 460 1597 838 1674; baseline 0 -20"><span class='ocrx_word' id='word_1_37' title='bbox 460 1667 463 1674; x_wconf 15' lang='grc' dir='ltr'><em>γ</em></span> <span class='ocrx_word' id='word_1_38' title='bbox 631 1597 749 1655; x_wconf 82' lang='lat' dir='ltr'><strong>Sobrius</strong></span> <span class='ocrx_word' id='word_1_39' title='bbox 764 1598 838 1654; x_wconf 82' lang='lat' dir='ltr'><strong>aulai.</strong></span> 
     </span>
    </p>

    <p class='ocr_par' dir='ltr' id='par_1_11' title="bbox 434 1673 900 1752">
     <span class='ocr_line' id='line_1_12' title="bbox 434 1673 900 1752; baseline 0.002 -19"><span class='ocrx_word' id='word_1_40' title='bbox 434 1673 544 1735; x_wconf 78' lang='lat' dir='ltr'><strong>Saeviirs</strong></span> <span class='ocrx_word' id='word_1_41' title='bbox 557 1677 648 1733; x_wconf 87' lang='lat' dir='ltr'><strong>ventis</strong></span> <span class='ocrx_word' id='word_1_42' title='bbox 662 1677 783 1752; x_wconf 86' lang='lat' dir='ltr'><strong>agitatur</strong></span> <span class='ocrx_word' id='word_1_43' title='bbox 798 1677 900 1752; x_wconf 90' lang='lat' dir='ltr'><strong>ingens</strong></span> 
     </span>
    </p>

    <p class='ocr_par' dir='ltr' id='par_1_12' title="bbox 432 1754 909 1831">
     <span class='ocr_line' id='line_1_13' title="bbox 432 1754 909 1831; baseline -0.002 -18"><span class='ocrx_word' id='word_1_44' title='bbox 432 1754 536 1813; x_wconf 90' lang='lat' dir='ltr'><strong>Pinus:</strong></span> <span class='ocrx_word' id='word_1_45' title='bbox 557 1767 587 1813; x_wconf 88' lang='lat' dir='ltr'><strong>et</strong></span> <span class='ocrx_word' id='word_1_46' title='bbox 600 1756 683 1813; x_wconf 84' lang='lat' dir='ltr'><strong>celsae</strong></span> <span class='ocrx_word' id='word_1_47' title='bbox 698 1756 825 1831; x_wconf 89' lang='lat' dir='ltr'><strong>graviore</strong></span> <span class='ocrx_word' id='word_1_48' title='bbox 840 1776 909 1814; x_wconf 89' lang='lat' dir='ltr'><strong>casu</strong></span> 
     </span>
    </p>

    <p class='ocr_par' dir='ltr' id='par_1_13' title="bbox 432 1834 1019 1991">
     <span class='ocr_line' id='line_1_14' title="bbox 432 1834 1019 1911; baseline 0.002 -18"><span class='ocrx_word' id='word_1_49' title='bbox 432 1834 580 1893; x_wconf 87' lang='lat' dir='ltr'><strong>Decidunt</strong></span> <span class='ocrx_word' id='word_1_50' title='bbox 592 1845 697 1892; x_wconf 87' lang='lat' dir='ltr'><strong>turres:</strong></span> <span class='ocrx_word' id='word_1_51' title='bbox 719 1835 879 1911; x_wconf 89' lang='lat' dir='ltr'><strong>feriuntque</strong></span> <span class='ocrx_word' id='word_1_52' title='bbox 893 1855 1019 1894; x_wconf 87' lang='lat' dir='ltr'><strong>summos</strong></span> 
     </span>
     <span class='ocr_line' id='line_1_15' title="bbox 630 1914 890 1991; baseline 0.008 -20"><span class='ocrx_word' id='word_1_53' title='bbox 630 1914 758 1991; x_wconf 85' lang='lat' dir='ltr'><strong>Fulgura</strong></span> <span class='ocrx_word' id='word_1_54' title='bbox 771 1927 890 1973; x_wconf 87' lang='lat' dir='ltr'><strong>montes.</strong></span> 
     </span>
    </p>

    <p class='ocr_par' dir='ltr' id='par_1_14' title="bbox 433 1994 939 2069">
     <span class='ocr_line' id='line_1_16' title="bbox 433 1994 939 2069; baseline 0.002 -19"><span class='ocrx_word' id='word_1_55' title='bbox 433 1994 534 2069; x_wconf 86' lang='lat' dir='ltr'><strong>Sperat</strong></span> <span class='ocrx_word' id='word_1_56' title='bbox 548 1994 666 2065; x_wconf 83' lang='lat' dir='ltr'><strong>infestis,</strong></span> <span class='ocrx_word' id='word_1_57' title='bbox 680 1995 781 2051; x_wconf 92' lang='lat' dir='ltr'><strong>metuit</strong></span> <span class='ocrx_word' id='word_1_58' title='bbox 795 1995 939 2066; x_wconf 90' lang='lat' dir='ltr'><strong>secundis,</strong></span> 
     </span>
    </p>

    <p class='ocr_par' dir='ltr' id='par_1_15' title="bbox 433 2072 970 2148">
     <span class='ocr_line' id='line_1_17' title="bbox 433 2072 970 2148; baseline 0.002 -20"><span class='ocrx_word' id='word_1_59' title='bbox 433 2072 562 2128; x_wconf 84' lang='lat' dir='ltr'><strong>Alteram</strong></span> <span class='ocrx_word' id='word_1_60' title='bbox 575 2082 678 2128; x_wconf 91' lang='lat' dir='ltr'><strong>sortem</strong></span> <span class='ocrx_word' id='word_1_61' title='bbox 693 2072 767 2127; x_wconf 90' lang='lat' dir='ltr'><strong>bene</strong></span> <span class='ocrx_word' id='word_1_62' title='bbox 781 2084 970 2148; x_wconf 87' lang='lat' dir='ltr'><strong>praeparatum</strong></span> 
     </span>
    </p>
   </div>
   <div class='ocr_carea' id='block_1_5' title="bbox 432 2148 1134 2209">
    <p class='ocr_par' dir='ltr' id='par_1_16' title="bbox 432 2148 1134 2209">
     <span class='ocr_line' id='line_1_18' title="bbox 432 2148 1134 2209; baseline -0.011 0"><span class='ocrx_word' id='word_1_63' title='bbox 432 2150 545 2209; x_wconf 90' lang='lat' dir='ltr'><strong>Pectus.</strong></span> <span class='ocrx_word' id='word_1_64' title='bbox 580 2148 720 2207; x_wconf 89' lang='lat' dir='ltr'><strong>Insormes</strong></span> <span class='ocrx_word' id='word_1_65' title='bbox 735 2150 844 2206; x_wconf 86' lang='lat' dir='ltr'><strong>hiemes</strong></span> <span class='ocrx_word' id='word_1_66' title='bbox 857 2151 969 2208; x_wconf 88' lang='lat' dir='ltr'><strong>reducit</strong></span> <span class='ocrx_word' id='word_1_67' title='bbox 1031 2188 1034 2201; x_wconf 47' lang='grc' dir='ltr'><em>ι</em></span> <span class='ocrx_word' id='word_1_68' title='bbox 1129 2194 1134 2201; x_wconf 79' lang='grc'><em>,</em></span> 
     </span>
    </p>
   </div>
   <div class='ocr_carea' id='block_1_6' title="bbox 431 2228 1064 2940">
    <p class='ocr_par' dir='ltr' id='par_1_17' title="bbox 431 2228 1064 2940">
     <span class='ocr_line' id='line_1_19' title="bbox 629 2228 844 2303; baseline 0.005 -19"><span class='ocrx_word' id='word_1_69' title='bbox 629 2228 751 2303; x_wconf 84' lang='lat' dir='ltr'><strong>Jupiter,</strong></span> <span class='ocrx_word' id='word_1_70' title='bbox 767 2228 844 2285; x_wconf 89' lang='lat' dir='ltr'><strong>idem</strong></span> 
     </span>
     <span class='ocr_line' id='line_1_20' title="bbox 433 2305 1064 2380; baseline 0.003 -15"><span class='ocrx_word' id='word_1_71' title='bbox 433 2308 595 2365; x_wconf 88' lang='lat' dir='ltr'><strong>Submovet.</strong></span> <span class='ocrx_word' id='word_1_72' title='bbox 629 2306 709 2379; x_wconf 89' lang='lat' dir='ltr'><strong>Non,</strong></span> <span class='ocrx_word' id='word_1_73' title='bbox 724 2308 748 2363; x_wconf 90' lang='lat' dir='ltr'><strong>si</strong></span> <span class='ocrx_word' id='word_1_74' title='bbox 762 2305 837 2364; x_wconf 81' lang='lat' dir='ltr'><strong>rnald</strong></span> <span class='ocrx_word' id='word_1_75' title='bbox 852 2327 940 2380; x_wconf 89' lang='lat' dir='ltr'><strong>nunc,</strong></span> <span class='ocrx_word' id='word_1_76' title='bbox 954 2318 984 2365; x_wconf 90' lang='lat' dir='ltr'><strong>et</strong></span> <span class='ocrx_word' id='word_1_77' title='bbox 996 2309 1064 2367; x_wconf 91' lang='lat' dir='ltr'><strong>olim</strong></span> 
     </span>
     <span class='ocr_line' id='line_1_21' title="bbox 433 2386 1010 2463; baseline 0 -19"><span class='ocrx_word' id='word_1_78' title='bbox 433 2388 482 2444; x_wconf 87' lang='lat' dir='ltr'><strong>Sic</strong></span> <span class='ocrx_word' id='word_1_79' title='bbox 496 2387 565 2443; x_wconf 88' lang='lat' dir='ltr'><strong>erit:</strong></span> <span class='ocrx_word' id='word_1_80' title='bbox 586 2386 728 2463; x_wconf 88' lang='lat' dir='ltr'><strong>quondam</strong></span> <span class='ocrx_word' id='word_1_81' title='bbox 743 2387 853 2444; x_wconf 71' lang='lat' dir='ltr'><strong>cithara</strong></span> <span class='ocrx_word' id='word_1_82' title='bbox 866 2398 1010 2445; x_wconf 85' lang='lat' dir='ltr'><strong>tacentem</strong></span> 
     </span>
     <span class='ocr_line' id='line_1_22' title="bbox 433 2466 1041 2544; baseline 0.002 -19"><span class='ocrx_word' id='word_1_83' title='bbox 433 2466 558 2525; x_wconf 89' lang='lat' dir='ltr'><strong>Suscitat</strong></span> <span class='ocrx_word' id='word_1_84' title='bbox 572 2466 696 2539; x_wconf 89' lang='lat' dir='ltr'><strong>Musam,</strong></span> <span class='ocrx_word' id='word_1_85' title='bbox 711 2487 805 2542; x_wconf 90' lang='lat' dir='ltr'><strong>neque</strong></span> <span class='ocrx_word' id='word_1_86' title='bbox 819 2487 929 2544; x_wconf 92' lang='lat' dir='ltr'><strong>semper</strong></span> <span class='ocrx_word' id='word_1_87' title='bbox 943 2487 1041 2526; x_wconf 86' lang='lat' dir='ltr'><strong>arcum</strong></span> 
     </span>
     <span class='ocr_line' id='line_1_23' title="bbox 629 2546 876 2623; baseline 0.012 -20"><span class='ocrx_word' id='word_1_88' title='bbox 629 2546 748 2619; x_wconf 89' lang='lat' dir='ltr'><strong>Tendit,</strong></span> <span class='ocrx_word' id='word_1_89' title='bbox 762 2547 876 2623; x_wconf 74' lang='lat' dir='ltr'><strong>Apollo,</strong></span> 
     </span>
     <span class='ocr_line' id='line_1_24' title="bbox 432 2624 932 2704; baseline 0.006 -21"><span class='ocrx_word' id='word_1_90' title='bbox 432 2624 534 2683; x_wconf 86' lang='lat' dir='ltr'><strong>Rebus</strong></span> <span class='ocrx_word' id='word_1_91' title='bbox 548 2627 675 2704; x_wconf 83' lang='lat' dir='ltr'><strong>angustis</strong></span> <span class='ocrx_word' id='word_1_92' title='bbox 690 2627 834 2685; x_wconf 89' lang='lat' dir='ltr'><strong>animosus</strong></span> <span class='ocrx_word' id='word_1_93' title='bbox 848 2638 932 2704; x_wconf 90' lang='lat' dir='ltr'><strong>atque</strong></span> 
     </span>
     <span class='ocr_line' id='line_1_25' title="bbox 432 2704 913 2784; baseline 0.008 -23"><span class='ocrx_word' id='word_1_94' title='bbox 432 2704 525 2764; x_wconf 88' lang='lat' dir='ltr'><strong>Fortis</strong></span> <span class='ocrx_word' id='word_1_95' title='bbox 539 2727 659 2784; x_wconf 87' lang='lat' dir='ltr'><strong>appare:</strong></span> <span class='ocrx_word' id='word_1_96' title='bbox 680 2708 825 2784; x_wconf 87' lang='lat' dir='ltr'><strong>sapienter</strong></span> <span class='ocrx_word' id='word_1_97' title='bbox 836 2708 913 2766; x_wconf 91' lang='lat' dir='ltr'><strong>idem</strong></span> 
     </span>
     <span class='ocr_line' id='line_1_26' title="bbox 431 2784 964 2845; baseline 0.008 -4"><span class='ocrx_word' id='word_1_98' title='bbox 431 2785 591 2844; x_wconf 86' lang='lat' dir='ltr'><strong>Contrahes</strong></span> <span class='ocrx_word' id='word_1_99' title='bbox 605 2798 688 2844; x_wconf 90' lang='lat' dir='ltr'><strong>vento</strong></span> <span class='ocrx_word' id='word_1_100' title='bbox 702 2784 823 2844; x_wconf 77' lang='lat' dir='ltr'><strong>nimium</strong></span> <span class='ocrx_word' id='word_1_101' title='bbox 838 2788 964 2845; x_wconf 91' lang='lat' dir='ltr'><strong>secundo</strong></span> 
     </span>
     <span class='ocr_line' id='line_1_27' title="bbox 630 2864 846 2940; baseline 0 -20"><span class='ocrx_word' id='word_1_102' title='bbox 630 2864 761 2940; x_wconf 86' lang='lat' dir='ltr'><strong>Turgida</strong></span> <span class='ocrx_word' id='word_1_103' title='bbox 776 2866 846 2922; x_wconf 88' lang='lat' dir='ltr'><strong>vela.</strong></span> 
     </span>
    </p>
   </div>
   <div class='ocr_carea' id='block_1_7' title="bbox 677 3177 867 3236">
    <p class='ocr_par' dir='ltr' id='par_1_18' title="bbox 677 3177 867 3236">
     <span class='ocr_line' id='line_1_28' title="bbox 677 3177 867 3236; baseline 0 0"><span class='ocrx_word' id='word_1_104' title='bbox 677 3178 760 3236; x_wconf 89' lang='lat' dir='ltr'><strong>ODE</strong></span> <span class='ocrx_word' id='word_1_105' title='bbox 782 3177 867 3236; x_wconf 86' lang='lat' dir='ltr'>VIII.</span> 
     </span>
    </p>
   </div>
   <div class='ocr_carea' id='block_1_8' title="bbox 649 3315 886 3359">
    <p class='ocr_par' dir='ltr' id='par_1_19' title="bbox 649 3315 886 3359">
     <span class='ocr_line' id='line_1_29' title="bbox 649 3315 886 3359; baseline 0.008 -6"><span class='ocrx_word' id='word_1_106' title='bbox 649 3315 690 3353; x_wconf 81' lang='lat' dir='ltr'><strong>AD</strong></span> <span class='ocrx_word' id='word_1_107' title='bbox 705 3315 886 3359; x_wconf 82' lang='lat' dir='ltr'>QUINCTIUM.</span> 
     </span>
    </p>
   </div>
   <div class='ocr_carea' id='block_1_9' title="bbox 431 3415 1045 4200">
    <p class='ocr_par' dir='ltr' id='par_1_20' title="bbox 431 3415 1045 4200">
     <span class='ocr_line' id='line_1_30' title="bbox 431 3415 1038 3491; baseline 0.003 -18"><span class='ocrx_word' id='word_1_108' title='bbox 431 3416 517 3477; x_wconf 79' lang='lat' dir='ltr'><strong>Qum</strong></span> <span class='ocrx_word' id='word_1_109' title='bbox 531 3415 682 3473; x_wconf 88' lang='lat' dir='ltr'><strong>bellicosus</strong></span> <span class='ocrx_word' id='word_1_110' title='bbox 695 3415 851 3487; x_wconf 86' lang='lat' dir='ltr'><strong>Cantaber,</strong></span> <span class='ocrx_word' id='word_1_111' title='bbox 865 3426 893 3472; x_wconf 92' lang='lat' dir='ltr'><strong>et</strong></span> <span class='ocrx_word' id='word_1_112' title='bbox 907 3416 1038 3491; x_wconf 86' lang='lat' dir='ltr'><strong>Scythes,</strong></span> 
     </span>
     <span class='ocr_line' id='line_1_31' title="bbox 433 3494 960 3570; baseline 0.002 -18"><span class='ocrx_word' id='word_1_113' title='bbox 433 3494 555 3570; x_wconf 89' lang='lat' dir='ltr'><strong>Hirpine</strong></span> <span class='ocrx_word' id='word_1_114' title='bbox 570 3494 703 3567; x_wconf 78' lang='lat' dir='ltr'><strong>Quincti,</strong></span> <span class='ocrx_word' id='word_1_115' title='bbox 718 3494 833 3570; x_wconf 87' lang='lat' dir='ltr'><strong>cogitet,</strong></span> <span class='ocrx_word' id='word_1_116' title='bbox 848 3494 960 3562; x_wconf 64' lang='lat' dir='ltr'><strong>Hadria</strong></span> 
     </span>
     <span class='ocr_line' id='line_1_32' title="bbox 472 3572 929 3651; baseline 0.004 -21"><span class='ocrx_word' id='word_1_117' title='bbox 472 3574 588 3632; x_wconf 90' lang='lat' dir='ltr'><strong>Divisus</strong></span> <span class='ocrx_word' id='word_1_118' title='bbox 601 3575 722 3651; x_wconf 88' lang='lat' dir='ltr'><strong>objecto,</strong></span> <span class='ocrx_word' id='word_1_119' title='bbox 737 3572 863 3632; x_wconf 86' lang='lat' dir='ltr'><strong>remittas</strong></span> <span class='ocrx_word' id='word_1_120' title='bbox 928 3634 929 3639; x_wconf 8' lang='grc' dir='ltr'>χ</span> 
     </span>
     <span class='ocr_line' id='line_1_33' title="bbox 511 3653 1026 3730; baseline -0.004 -17"><span class='ocrx_word' id='word_1_121' title='bbox 511 3653 651 3714; x_wconf 68' lang='lat' dir='ltr'><strong>Quaerere</strong></span> <span class='ocrx_word' id='word_1_122' title='bbox 664 3674 670 3711; x_wconf 91' lang='lat'>:</span> <span class='ocrx_word' id='word_1_123' title='bbox 692 3674 747 3712; x_wconf 87' lang='lat' dir='ltr'><strong>nec</strong></span> <span class='ocrx_word' id='word_1_124' title='bbox 760 3655 884 3730; x_wconf 89' lang='lat' dir='ltr'><strong>trepides</strong></span> <span class='ocrx_word' id='word_1_125' title='bbox 898 3655 928 3711; x_wconf 93' lang='lat' dir='ltr'><strong>in</strong></span> <span class='ocrx_word' id='word_1_126' title='bbox 941 3672 1026 3711; x_wconf 90' lang='lat' dir='ltr'><strong>usum</strong></span> 
     </span>
     <span class='ocr_line' id='line_1_34' title="bbox 434 3731 971 3810; baseline 0.002 -21"><span class='ocrx_word' id='word_1_127' title='bbox 434 3731 581 3810; x_wconf 88' lang='lat' dir='ltr'><strong>Poscentis</strong></span> <span class='ocrx_word' id='word_1_128' title='bbox 596 3733 647 3788; x_wconf 86' lang='lat' dir='ltr'><strong>aevi</strong></span> <span class='ocrx_word' id='word_1_129' title='bbox 661 3752 776 3810; x_wconf 35' lang='lat' dir='ltr'><strong>pauca..</strong></span> <span class='ocrx_word' id='word_1_130' title='bbox 796 3733 883 3808; x_wconf 84' lang='lat' dir='ltr'><strong>Fugit</strong></span> <span class='ocrx_word' id='word_1_131' title='bbox 896 3743 971 3790; x_wconf 92' lang='lat' dir='ltr'><strong>retro</strong></span> 
     </span>
     <span class='ocr_line' id='line_1_35' title="bbox 433 3809 933 3881; baseline -0.002 -13"><span class='ocrx_word' id='word_1_132' title='bbox 433 3811 518 3868; x_wconf 88' lang='lat' dir='ltr'><strong>Levis</strong></span> <span class='ocrx_word' id='word_1_133' title='bbox 531 3809 677 3881; x_wconf 88' lang='lat' dir='ltr'><strong>Juventas,</strong></span> <span class='ocrx_word' id='word_1_134' title='bbox 692 3821 720 3867; x_wconf 88' lang='lat' dir='ltr'><strong>et</strong></span> <span class='ocrx_word' id='word_1_135' title='bbox 734 3810 838 3881; x_wconf 89' lang='lat' dir='ltr'><strong>Decor,</strong></span> <span class='ocrx_word' id='word_1_136' title='bbox 854 3811 933 3867; x_wconf 73' lang='lat' dir='ltr'><strong>aridai</strong></span> 
     </span>
     <span class='ocr_line' id='line_1_36' title="bbox 473 3888 869 3946; baseline -0.003 -1"><span class='ocrx_word' id='word_1_137' title='bbox 473 3888 600 3946; x_wconf 91' lang='lat' dir='ltr'><strong>Pellente</strong></span> <span class='ocrx_word' id='word_1_138' title='bbox 614 3888 733 3945; x_wconf 86' lang='lat' dir='ltr'><strong>lascivos</strong></span> <span class='ocrx_word' id='word_1_139' title='bbox 747 3889 869 3945; x_wconf 89' lang='lat' dir='ltr'><strong>Amores</strong></span> 
     </span>
     <span class='ocr_line' id='line_1_37' title="bbox 513 3966 1024 4042; baseline 0.002 -18"><span class='ocrx_word' id='word_1_140' title='bbox 513 3966 637 4037; x_wconf 89' lang='lat' dir='ltr'><strong>Canitie,</strong></span> <span class='ocrx_word' id='word_1_141' title='bbox 652 3966 821 4042; x_wconf 85' lang='lat' dir='ltr'><strong>facilemque</strong></span> <span class='ocrx_word' id='word_1_142' title='bbox 836 3968 984 4025; x_wconf 89' lang='lat' dir='ltr'><strong>Somnum.</strong></span> <span class='ocrx_word' id='word_1_143' title='bbox 1015 4014 1024 4017; x_wconf 21' lang='lat' dir='ltr'><strong>*ff</strong></span> 
     </span>
     <span class='ocr_line' id='line_1_38' title="bbox 433 4045 1002 4122; baseline 0.002 -18"><span class='ocrx_word' id='word_1_144' title='bbox 433 4045 502 4104; x_wconf 92' lang='lat' dir='ltr'><strong>Non</strong></span> <span class='ocrx_word' id='word_1_145' title='bbox 516 4065 626 4122; x_wconf 91' lang='lat' dir='ltr'><strong>semper</strong></span> <span class='ocrx_word' id='word_1_146' title='bbox 640 4046 717 4102; x_wconf 93' lang='lat' dir='ltr'><strong>idem</strong></span> <span class='ocrx_word' id='word_1_147' title='bbox 731 4045 846 4102; x_wconf 90' lang='lat' dir='ltr'><strong>floribus</strong></span> <span class='ocrx_word' id='word_1_148' title='bbox 857 4059 900 4103; x_wconf 89' lang='lat' dir='ltr'><strong>est</strong></span> <span class='ocrx_word' id='word_1_149' title='bbox 914 4048 1002 4105; x_wconf 93' lang='lat' dir='ltr'><strong>honor</strong></span> 
     </span>
     <span class='ocr_line' id='line_1_39' title="bbox 434 4125 1045 4200; baseline 0.003 -17"><span class='ocrx_word' id='word_1_150' title='bbox 434 4126 556 4196; x_wconf 89' lang='lat' dir='ltr'><strong>Vernis;</strong></span> <span class='ocrx_word' id='word_1_151' title='bbox 578 4145 671 4200; x_wconf 90' lang='lat' dir='ltr'><strong>neque</strong></span> <span class='ocrx_word' id='word_1_152' title='bbox 685 4144 743 4183; x_wconf 91' lang='lat' dir='ltr'><strong>uno</strong></span> <span class='ocrx_word' id='word_1_153' title='bbox 757 4125 841 4183; x_wconf 89' lang='lat' dir='ltr'><strong>Luna</strong></span> <span class='ocrx_word' id='word_1_154' title='bbox 854 4126 959 4184; x_wconf 91' lang='lat' dir='ltr'><strong>rubens</strong></span> <span class='ocrx_word' id='word_1_155' title='bbox 972 4127 1045 4186; x_wconf 89' lang='lat' dir='ltr'><strong>nitet</strong></span> 
     </span>
    </p>
   </div>
   <div class='ocr_carea' id='block_1_10' title="bbox 0 0 1546 4900">
    <p class='ocr_par' dir='ltr' id='par_1_21' title="bbox 0 0 1546 4900">
     <span class='ocr_line' id='line_1_40' title="bbox 0 0 1546 4900; baseline 0 0"><span class='ocrx_word' id='word_1_156' title='bbox 0 0 1546 4900; x_wconf 95' lang='lat' dir='ltr'><strong> </strong></span> 
     </span>
    </p>
   </div>
  </div>
 </body>
</html>
