3084 4900
588 600 622 655 Q.
638 598 785 647 HORATII
802 598 926 647 FLACCI

670 819 754 878 ODE
775 820 847 878 XII.

616 955 658 994 Ab
678 956 905 997 REMPUBLICAM.

420 1057 449 1116 Ο
463 1074 562 1128 urnis,
575 1055 700 1113 referent
714 1054 744 1111 in
758 1074 837 1111 mare
851 1063 879 1110 te
893 1056 959 1111 novi

421 1135 556 1194 Fluctus!
577 1132 606 1190 Ο
619 1133 687 1207 quid
701 1133 782 1208 egis?
802 1131 925 1189 Fortiter
938 1150 1049 1207 oeeupe

618 1211 743 1268 Portum.
785 1210 891 1268 Nonne
905 1210 984 1268 vides
997 1223 1029 1269 ut

579 1288 699 1346 Nudum
713 1289 833 1364 remigio
846 1288 929 1362 latus,

421 1369 460 1429 Et
473 1368 564 1427 malus
578 1369 663 1425 celeri
678 1368 792 1425 saucius
806 1368 915 1440 Africo,

422 1450 622 1523 Antennaeque
636 1457 760 1522 gemant,
772 1466 807 1503 ae
820 1446 881 1503 sine
896 1445 1011 1503 funibus

619 1526 676 1583 Vix
689 1526 791 1582 durare
806 1526 910 1582 carinae

579 1604 692 1662 Possint
706 1605 884 1680 imperiosius

421 1684 550 1760 AEquori
570 1681 600 1740 N
602 1703 639 1741 on
654 1683 703 1741 tibi
718 1694 784 1740 sunt
797 1684 909 1759 integra
921 1682 1017 1755 lintea,

423 1766 491 1823 Non
505 1762 535 1821 di
549 1782 620 1840 quos
633 1763 736 1820 iterum
749 1782 846 1837 pressa
859 1781 943 1819 voces
956 1762 1047 1819 malo:

617 1842 759 1904 Quamvis
774 1841 894 1899 Pontica
907 1841 1002 1918 pinus,

580 1921 665 1979 silve
679 1922 737 1978 filia
751 1922 862 1993 nobilis,

422 2001 442 2059 J
443 2010 520 2058 actes
533 2009 562 2056 et
575 2019 666 2075 genus
680 2011 708 2056 et
721 2019 826 2056 nomen
841 2000 949 2056 inutile.

422 2078 474 2137 Nil
487 2078 571 2155 pictis
584 2079 700 2135 timidus
714 2078 809 2133 navita
822 2078 962 2152 puppibus

619 2155 705 2211 Fidit.
747 2154 805 2226 Tu,
819 2156 875 2212 nisi
888 2154 980 2211 ventis

580 2231 677 2290 Debes
690 2232 854 2305 ludibrium,
869 2252 945 2290 eave.

422 2313 522 2389 Nuper
536 2311 688 2369 sollicitum
702 2330 764 2387 quae
779 2312 849 2369 mihi
862 2312 989 2383 taedium,

423 2392 512 2453 Nune
525 2390 706 2463 desiderium,
720 2410 845 2467 curaque
858 2410 916 2448 non
930 2390 1010 2464 levis,

621 2469 763 2527 Interfusa
777 2472 900 2529 nitentes

580 2549 662 2608 Vites
676 2568 788 2631 aequora
802 2550 952 2627 Cycladas.

659 2863 743 2921 ODE
767 2863 858 2922 XIII.

457 3000 552 3041 NEREI
566 2998 746 3038 mmmmm
759 2998 800 3036 DE
814 2999 938 3037 EXCIDIO
952 2999 1062 3039 mltum.

423 3101 544 3159 Pmon
557 3118 645 3174 quum
658 3098 782 3157 traheret
794 3116 844 3173 per
858 3098 929 3155 freta
942 3096 1062 3156 navibus

423 3177 510 3236 Idaeis
523 3177 656 3235 Helenen
670 3177 794 3254 perfidus
808 3176 958 3253 hospitam,

423 3257 540 3335 Ingratu
550 3257 658 3314 celeres
671 3256 764 3314 obruit
777 3256 835 3313 otio

580 3335 699 3405 Ventos,
714 3345 745 3391 ut
758 3345 874 3392 caneret
887 3334 945 3392 sera

422 3412 536 3472 Nereus
550 3413 622 3472 feta:
643 3419 661 3445 “
674 3413 753 3470 Male
767 3413 849 3470 ducis
863 3414 906 3471 nri
920 3415 1046 3489 domum,

422 3493 522 3554 Quem
536 3493 624 3550 multo
644 3503 753 3569 repetet
765 3493 877 3551 Graecia
891 3493 990 3567 milite,

423 3571 577 3649 Conjurutu
590 3583 653 3631 tuas
666 3591 797 3648 rumpere
810 3573 933 3649 nuptias,

580 3651 618 3710 Et
631 3672 750 3728 regnum
765 3652 871 3709 Priami
885 3663 973 3710 vetus.

421 3729 522 3787 Eheu!
543 3741 665 3805 quantus
678 3732 767 3804 equis,
782 3742 904 3803 quantus
918 3732 998 3787 adest
1010 3729 1077 3787 viris

424 3807 534 3865 Sudor!
554 3819 660 3882 quanta
673 3827 768 3865 moves
784 3808 883 3864 funera
896 3807 1038 3864 Dardanre

423 3886 526 3944 Genti!
567 3885 632 3942 Iam
646 3886 756 3961 galeam
770 3885 874 3957 Pallas,
888 3897 918 3943 et
931 3885 1032 3960 regida,

582 3964 755 4038 Currusque,
769 3973 799 4020 et
812 3964 929 4036 rabiem,
943 3974 1031 4040 parat.

423 4043 635 4118 Nequidquam,
649 4043 771 4100 Veneris
785 4042 915 4118 praesidio
929 4043 1016 4116 ferox,

424 4122 525 4181 Peetes
538 4120 693 4195 eaesariem,
707 4132 842 4198 grataque
856 4120 979 4178 soeminis

419 4314 498 4407 f
