3084 4900
573 622 781 671 SATIRARUM
799 623 864 671 LlB.
883 624 903 673 l.
921 627 945 673 7.
1191 625 1249 682 107

292 768 360 825 Vita
374 766 528 824 solutorum
543 764 647 822 miseni
661 767 817 825 ambitione
831 768 985 844 gravique:

291 846 347 904 His
361 866 407 903 me
421 846 561 915 consolor,
576 844 702 902 victurus
716 846 832 904 suavius
846 867 880 903 ac
894 848 918 903 si
1190 846 1248 903 130

290 926 425 988 Quaestor
440 944 509 981 avus
522 934 601 999 pater
616 935 699 999 atque
713 944 795 982 meus
809 938 982 1001 patruusque
998 924 1127 982 fuissent.

622 1280 783 1339 SATIRA
806 1280 876 1341 VII.

292 1403 472 1459 Pnoscmrar
488 1400 580 1475 Regis
593 1400 695 1476 Rupili
710 1420 763 1476 pus
778 1412 861 1476 atque
876 1422 1018 1460 venenum

292 1482 390 1539 Ibrida
402 1500 458 1556 quo
471 1491 555 1556 pacto
569 1481 605 1537 sit
619 1481 733 1536 Persius
748 1480 832 1552 ultus,
848 1482 948 1556 opinor

292 1561 434 1617 Omnibus
448 1572 477 1617 et
490 1560 573 1635 lippis
587 1570 686 1616 notum
700 1571 729 1615 et
742 1561 903 1617 tonsoribus
917 1581 989 1618 esse.

293 1640 407 1696 Persius
421 1640 469 1695 hic
482 1657 637 1714 permagna
651 1639 765 1712 negotia
779 1639 858 1695 dives
872 1638 994 1697 habebat

292 1719 486 1788 Clazomenis,
501 1718 585 1773 etiam
600 1717 663 1773 lites
677 1735 743 1771 cum
758 1716 842 1792 Rege
858 1719 1006 1786 molestas;
1224 1720 1246 1778 5

292 1797 389 1855 Durus
404 1797 497 1866 homo,
513 1807 596 1869 atque
609 1795 675 1852 odio
688 1796 736 1868 qui
750 1810 845 1869 posset
858 1797 973 1854 vincere
987 1797 1119 1872 Regem3

292 1876 458 1946 Confidens,
473 1875 672 1948 tumidusque;
695 1871 767 1930 adei)
783 1876 921 1931 sermonis
936 1876 1034 1948 amari,

293 1956 439 2025 Sisennae,
454 1953 556 2010 Barros
567 1963 598 2009 ut
612 1953 692 2027 equis
706 1965 891 2027 praeeussreret
906 1955 985 2011 albis.

332 2035 380 2092 Ad
394 2034 508 2108 Regem
522 2033 615 2089 redeo.
651 2031 804 2105 Postquam
821 2033 891 2089 nihil
906 2034 980 2091 inter
994 2045 1145 2111 utrumque

292 2114 434 2171 Convenit
450 2111 518 2189 (hoc
532 2112 639 2167 etenim
654 2122 720 2167 sunt
733 2130 833 2167 omnes
844 2111 908 2186 jure
920 2114 1040 2186 molesti,
1209 2114 1244 2172 10

290 2193 360 2255 Quo
375 2192 468 2262 fortes,
483 2191 584 2265 quibus
600 2191 748 2246 adversum
760 2191 865 2247 bellum
880 2192 999 2250 incidit:
1021 2193 1095 2250 inter

292 2272 420 2329 Hectora
433 2270 596 2326 Priamiden
611 2269 770 2325 animosum
785 2282 868 2344 atque
883 2271 956 2329 inter
971 2272 1116 2330 Achillem

292 2350 340 2408 Ira
354 2350 406 2407 fuit
420 2349 558 2425 capitalis,
575 2360 605 2405 ut
619 2349 718 2405 ultima
733 2350 871 2406 divideret
885 2370 975 2418 mors;

291 2429 360 2488 Non
375 2430 458 2487 aliam
473 2429 510 2487 ob
524 2446 651 2500 causam,
666 2428 722 2484 nisi
736 2426 813 2502 quod
828 2429 915 2487 virtus
929 2430 959 2487 in
974 2442 1093 2506 utroque

292 2511 411 2567 Summa
425 2509 485 2566 fuit.
520 2508 586 2564 Duo
600 2508 623 2563 si
638 2508 780 2563 discordia
794 2519 875 2564 vexet
889 2509 1004 2581 inertes,
1206 2513 1244 2570 15

292 2591 353 2646 Aut
366 2589 390 2646 si
404 2587 563 2663 disparibus
578 2586 682 2642 bellum
697 2586 815 2656 incidat,
827 2597 858 2642 ut
872 2586 1005 2645 Diomedi

292 2668 367 2725 Cum
381 2666 472 2741 Lycio
486 2666 597 2721 Glauco
609 2684 615 2732 ;
638 2664 767 2720 discedet
780 2665 896 2739 pigrior,
911 2665 986 2723 ultro

291 2746 463 2804 Muneribus
477 2743 584 2820 missis)
601 2742 688 2799 Bruto
703 2753 822 2817 praetore
836 2753 952 2801 tenente

291 2827 389 2883 Ditem
404 2824 514 2892 Asiam,
530 2820 631 2897 Rupili
645 2833 674 2878 et
688 2821 767 2877 Persi
782 2842 831 2897 par
845 2834 963 2897 pugnat,
977 2826 1018 2881 uti
1033 2843 1091 2883 nou

291 2903 472 2980 Compositus
486 2898 589 2958 melius
603 2919 669 2957 cum
684 2900 768 2958 Bitho
783 2901 942 2971 Bacchius;
964 2903 1052 2979 injus
1203 2905 1243 2963 20

291 2986 383 3042 Acres
397 2992 575 3058 procurrunt,
590 2999 725 3055 magnum
740 2980 935 3055 spectaculum
948 2993 1075 3058 uterque.

330 3063 444 3119 Persius
458 3060 572 3135 exponit
586 3077 711 3131 causam,
727 3060 834 3115 ridetur
849 3060 885 3116 ab
898 3061 975 3118 omni

291 3143 442 3200 Conventa
455 3160 461 3208 ;
484 3140 582 3196 laudat
596 3138 725 3209 Brutum,
740 3139 893 3212 laudatque
907 3142 1069 3210 cohortem;

291 3221 387 3278 Solem
403 3219 481 3277 Asia
495 3219 615 3275 Brutum
630 3218 766 3293 appellat;
791 3219 942 3293 stellasque
956 3220 1084 3277 salubres

291 3299 426 3376 Appellat
440 3298 568 3368 comites,
583 3308 702 3371 excepto
716 3297 817 3372 Rege3
839 3297 950 3356 Canem
964 3298 1055 3372 illum,
1202 3300 1243 3358 25

291 3379 418 3436 Invisum
430 3376 561 3452 agricolis
575 3376 663 3446 sidus,
677 3376 805 3432 venisse:
827 3377 936 3449 ruebat,

290 3458 413 3516 Flumen
427 3466 459 3512 ut
472 3455 622 3512 hibernum
638 3454 724 3510 fertur
738 3452 795 3528 qud
810 3474 873 3510 rara
886 3457 1003 3512 securis.

332 3536 411 3593 Tum
425 3533 618 3591 Praenestinus
632 3532 705 3588 salso
719 3531 897 3606 multumque
911 3533 1011 3591 fluenti

290 3615 432 3691 Expressa
446 3614 559 3671 arbusto
573 3611 677 3686 regerit
690 3611 836 3678 convicia;
858 3611 946 3668 durus

290 3693 487 3752 vindemiator
501 3703 530 3748 et
544 3690 676 3760 invictus,
691 3690 738 3746 cui
752 3687 828 3763 saepe
844 3689 932 3747 viator

290 3773 442 3844 cessisset,
456 3772 560 3846 magnai
572 3769 744 3844 compellans
756 3787 826 3825 voce
841 3771 985 3829 cuculum.

330 3853 371 3910 At
384 3851 513 3921 Graecus,
528 3861 676 3924 postquam
691 3859 734 3905 est
748 3847 822 3904 Italo
835 3848 966 3923 perfusus
980 3858 1071 3920 acet0,

290 3929 406 3990 Persius
421 3929 578 3986 exclamat.
600 3933 618 3958 “
635 3927 689 3984 Per
703 3946 832 4002 magnos,
847 3927 945 4001 Brute,
959 3929 1028 3986 deos
1042 3939 1072 3985 ts

289 4011 360 4082 Oro,
374 4008 423 4084 qui
436 4026 518 4082 reges
532 4005 680 4064 consueris
694 4008 803 4078 tollere,
818 4026 869 4063 cur
880 4027 939 4064 non

290 4089 380 4148 Hunc
402 4087 515 4162 Regem
535 4086 667 4162 jugulas?
695 4105 813 4161 operum
836 4087 901 4159 hoc,
924 4086 1108 4161 mihicrede,
1129 4097 1241 4146 tuorum

329 4168 401 4226 est.”
1204 4168 1244 4225 35
