3084 4900
520 647 719 697 CARMINUM
737 648 804 698 LIB.
822 650 870 698 1v.

393 790 534 866 Auguste,
548 791 665 847 virtutes
679 790 708 846 in
723 810 815 847 aevum

431 869 486 925 Per
499 869 595 926 titulos
609 888 805 943 memoresque
819 870 905 928 fastos

353 948 508 1007 AEternet'l
527 966 555 1019 0,
570 948 626 1022 qud
640 948 681 1005 sol
696 949 864 1005 habitabiles

354 1025 480 1084 Illustrat
493 1046 566 1097 oras,
581 1027 704 1083 maxime
718 1027 890 1102 principum,

392 1105 490 1166 Quem
504 1105 575 1180 legis
588 1115 720 1181 expertes
733 1105 845 1163 Latinae

269 1234 273 1240 ,
432 1184 577 1242 Vindelici
591 1182 718 1241 didicere
733 1204 824 1261 nuper

352 1262 433 1324 Quid
448 1262 541 1320 Marte
555 1283 662 1339 posses.
706 1262 800 1321 Milite
813 1283 881 1321 narn
894 1274 945 1323 tuo

352 1340 464 1399 Drusus
477 1343 641 1414 Genaunos,
656 1342 841 1417 implacidum
854 1362 957 1419 genus,

392 1421 576 1495 Breunosque
592 1421 713 1492 veloces,
728 1434 756 1479 et
770 1440 850 1479 arces

406 1574 408 1577 ι
432 1500 554 1575 Alpibus
567 1500 711 1575 impositas
725 1502 891 1573 tremendis,

353 1576 468 1654 Dejeeit
481 1597 547 1635 acer
560 1576 625 1654 plus
640 1580 701 1635 vice
716 1580 847 1655 simplici,
862 1642 875 1646 ,A
885 1636 899 1640 „
921 1591 946 1654 tl

354 1656 447 1732 Major
462 1656 612 1713 Neronum
626 1677 692 1714 mox
706 1677 791 1733 grave
801 1653 936 1733 ffioelium

393 1736 552 1806 Commisit,
567 1736 762 1810 immanesque
777 1736 897 1794 Rhaetos

434 1814 579 1889 Auspiciis
591 1814 701 1889 pepulit
714 1815 868 1872 secundis:

353 1893 543 1969 SpectanduS,
555 1893 584 1948 in
599 1894 754 1949 certamine
769 1892 884 1967 Martio,

353 1972 463 2030 Devota
475 1972 559 2031 morti
572 1982 687 2047 pectora
701 1972 797 2029 liberae

392 2052 518 2112 Quantis
533 2051 662 2127 fatigaret
676 2051 775 2123 ruinis,

431 2130 589 2187 Indomitos
602 2127 691 2205 prope
706 2130 797 2206 qualis
811 2131 903 2189 undas

351 2208 474 2267 Exercet
488 2210 603 2281 Auster,
618 2210 766 2267 Pleiadum
782 2211 869 2269 choro

341 2290 510 2370 ¹Scindente
524 2289 625 2361 nubeS,
640 2289 759 2365 impiger
774 2290 897 2347 hostium

391 2369 504 2427 Vera-re
518 2378 636 2440 turmas,
649 2377 678 2425 et
693 2369 860 2425 frementem

430 2446 544 2505 Mittere
558 2466 662 2523 equum
676 2450 786 2505 medios
799 2468 849 2524 per
862 2450 953 2524 ignes.

354 2526 404 2583 Sic
418 2526 589 2583 tauriformis
603 2526 721 2583 volvitur
736 2527 871 2600 Aufidus,

351 2605 414 2668 Qui
434 2624 523 2681 regna
537 2605 632 2660 Dauni
647 2604 766 2679 praefluit
781 2605 898 2680 Appuli,

390 2683 492 2746 Quum
506 2683 594 2754 saevit,
609 2684 835 2758 horrendamque
849 2683 932 2742 cultis

431 2761 574 2819 Diluviem
589 2762 740 2818 meditatur
755 2762 830 2837 agris
838 2781 846 2831 ;

351 2840 391 2898 Ut
404 2841 584 2897 barbarorum
600 2840 738 2897 Claudius
752 2841 868 2917 agmina

351 2919 470 2977 Ferrata
483 2930 561 2976 vasto
574 2919 660 2976 diruit
674 2920 792 2996 impetu,

392 2999 556 3073 Primosque
569 3008 598 3056 et
611 3011 751 3057 extremos
764 3001 908 3073 metendo,

431 3078 534 3135 Stravit
548 3079 676 3150 humum,
691 3079 752 3136 sine
766 3079 848 3136 clade
861 3081 960 3155 victor,

352 3155 397 3213 Te
413 3157 518 3232 copias,
533 3166 562 3214 te
576 3158 736 3230 consilium,
750 3168 779 3215 et
790 3169 854 3216 tuos

351 3233 501 3293 Praebente
515 3237 594 3293 divos
604 3256 610 3294 :
621 3231 709 3309 mam,
723 3237 774 3294 tibi
788 3238 904 3312 quodie

391 3314 493 3372 Portus
507 3315 689 3374 Alexandrea
703 3317 822 3392 supplex

430 3391 468 3450 Et
481 3413 599 3450 vacuam
612 3395 747 3470 patefecit
760 3395 866 3466 aulam,

352 3469 481 3530 Fortuna
494 3473 582 3529 lustro
595 3492 729 3548 prospera
741 3474 826 3530 tertio

352 3550 424 3609 Belli
435 3553 576 3608 secundos
590 3551 713 3607 reddidit
726 3552 829 3622 exitus,

392 3630 577 3704 Laudemque
588 3638 617 3686 et
629 3639 756 3704 optatum
770 3628 893 3705 peractis

430 3708 562 3784 Imperiis
575 3709 664 3765 decus
678 3708 825 3783 arrogavit.

351 3786 398 3845 Te
411 3787 555 3845 Cantaber
565 3807 623 3845 non
638 3785 705 3844 ante
717 3787 876 3861 domabilis,

351 3865 521 3943 Medusque,
535 3879 564 3925 et
577 3867 677 3940 Indua,
692 3876 719 3924 te
738 3868 875 3945 profugus
889 3867 1012 3946 Scythes
1078 3928 1079 3931 ,

390 3944 521 4018 Miratur,
535 3967 553 4004 o
566 3947 655 4004 tutela
666 3962 792 4022 praesens

429 4024 520 4082 Italia>
534 4027 712 4102 dominaeque
725 4026 847 4085 Romae:

352 4101 409 4176 Te,
424 4103 543 4162 sontium
557 4106 606 4180 qui
621 4106 696 4162 celat
708 4105 844 4181 origines,

350 4181 503 4258 Nilusque,
516 4195 544 4241 et
558 4184 640 4258 Ister,
655 4194 683 4241 te
696 4185 813 4259 rapidus
826 4182 935 4260 Tigris,
954 4253 959 4260 ,
