3084 4900
313 583 371 644 186
642 581 673 637 Q.
690 580 837 629 Hoanvrr
854 580 979 630 rnnccr

350 725 470 784 Utilium
484 724 581 781 tardus
593 723 728 799 provisor,
742 724 878 801 prodigus
892 724 965 797 aeris‚

352 804 498 875 Sublimis,
513 804 690 879 cupidusque
704 814 733 861 et
746 815 841 861 amata
854 803 1012 878 relinquere
1025 807 1135 882 pernix.
1249 810 1309 869 165

352 882 505 942 Conversis
519 883 630 954 studiis,
646 894 713 940 aetas
728 884 895 958 animusque
909 883 998 940 virilis

349 962 463 1023 Quaerit
475 981 543 1036 opes
557 973 586 1019 et
599 962 748 1034 amicitias,
763 962 880 1019 inservit
893 962 1004 1036 honori,

350 1041 536 1099 Commisisse
551 1052 632 1098 cavet
645 1042 720 1116 quod
734 1060 801 1099 mox
814 1052 924 1098 mutare
939 1041 1054 1100 laboret.

350 1119 443 1178 Multa
457 1139 555 1177 senem
569 1120 800 1178 circumveniunt
813 1120 995 1178 incommoda
1003 1141 1011 1190 ;
1032 1121 1075 1179 vel
1090 1120 1169 1199 qudd

348 1199 472 1272 Quaerit,
485 1210 515 1257 et
528 1198 651 1256 inventis
664 1199 749 1256 miser
765 1199 888 1256 abstinet
902 1218 936 1255 ac
949 1200 1032 1257 timet
1044 1201 1103 1272 uti3

348 1278 403 1336 Vel
417 1276 494 1354 qudd
507 1298 553 1335 res
566 1297 665 1335 omnes
679 1276 779 1335 timide
793 1274 945 1354 gelideque
960 1279 1110 1353 ministrat,

349 1356 468 1429 Dilator,
484 1376 533 1433 spe
547 1359 659 1431 longus,
674 1356 761 1429 iners,
777 1358 932 1432 avidusque
947 1358 1043 1432 futuri,

348 1436 490 1508 Difficilis,
502 1436 646 1511 querulus,
660 1435 789 1494 laudator
803 1436 938 1511 temporis
952 1438 1008 1494 acti

350 1516 388 1571 Se
402 1534 501 1591 puero,
517 1534 617 1572 censor
632 1516 839 1591 castigatorque
853 1516 1006 1573 minorum.
1088 1575 1091 1580 ,

348 1593 442 1651 Multa
455 1594 550 1651 lerunt
563 1594 631 1650 anni
645 1595 792 1653 venientes
806 1595 957 1652 commoda
971 1614 1086 1668 secum3

348 1672 441 1731 Multa
455 1674 623 1730 recedentes
637 1674 775 1732 adimunt.
816 1673 863 1731 Ne
878 1672 949 1731 forte
964 1675 1068 1733 seniles

348 1751 523 1810 Mandentur
534 1752 632 1828 juveni
645 1765 749 1829 partes,
763 1771 906 1829 pueroque
921 1753 1024 1826 viriles,

348 1833 466 1909 Semper
480 1833 510 1889 in
524 1832 666 1909 adjunctis
680 1851 794 1907 aevoque
809 1833 980 1891 morabimur
994 1832 1075 1909 aptis.

388 1914 449 1970 Aut
463 1911 554 1988 agitur
568 1931 613 1968 res
627 1911 657 1968 in
672 1912 776 1984 scenis,
791 1922 840 1969 aut
854 1923 917 1969 acta
930 1912 1066 1970 refertur:

349 1989 474 2067 Segniirs
487 1991 598 2048 irritant
612 1990 721 2047 animos
735 1991 859 2048 demissa
871 2011 922 2067 per
937 2010 1045 2064 aurem,

347 2069 447 2132 Quam
460 2088 523 2145 quae
537 2081 603 2127 sunt
617 2069 708 2127 oculis
722 2070 850 2144 subjecta
864 2070 1005 2142 fidelibus,
1018 2081 1047 2128 et
1060 2089 1124 2148 quar

347 2148 413 2224 Ipse
427 2149 480 2205 sibi
494 2149 579 2206 tradit
593 2158 740 2223 spectator.
782 2146 850 2206 Non
865 2160 960 2206 tamen
976 2150 1053 2207 inlus

347 2226 444 2305 Digna
457 2226 518 2304 geri
532 2245 644 2302 promes
658 2227 687 2283 in
702 2245 835 2296 scenam3
857 2228 1001 2303 multaque
1012 2228 1094 2285 tolles

347 2305 393 2363 Ex
406 2306 506 2377 oculis,
520 2324 583 2381 quae
596 2324 662 2363 mox
676 2316 771 2363 narret
785 2306 919 2363 facundia
931 2325 1074 2382 praesens:

346 2383 394 2443 Ne
407 2404 510 2463 pueros
523 2403 619 2441 coram
633 2385 737 2463 populo
751 2384 858 2442 Medea
870 2384 1008 2456 trucidet;

349 2466 410 2523 Aut
424 2466 548 2522 humana
560 2462 655 2540 paldm
670 2476 772 2541 coquat
786 2475 852 2523 exta
864 2465 990 2523 nefarius
1003 2467 1126 2539 Atreus3

347 2546 409 2603 Aut
419 2545 449 2602 in
462 2564 543 2603 avem
557 2545 669 2620 Progne
684 2557 817 2618 vertatur,
832 2546 961 2603 Cadmus
975 2545 1005 2603 in
1019 2565 1152 2622 anguem.

346 2624 549 2700 Quodcunque
562 2624 690 2683 ostendis
703 2625 775 2682 mihi
789 2625 841 2698 sic,
855 2625 1021 2684 incredulus
1034 2627 1091 2684 odi.

386 2702 469 2762 Neve
482 2704 583 2777 minor,
598 2724 655 2761 neu
669 2705 705 2762 sit
718 2706 818 2781 quinto
831 2705 994 2781 productior
1008 2716 1074 2763 actu

346 2783 466 2856 Fabula,
480 2802 543 2859 quae
557 2784 635 2861 posci
648 2784 707 2841 vult
717 2795 746 2842 et
760 2795 887 2862 spectata
900 2784 1016 2861 reponi:

346 2861 412 2920 Nec
426 2863 497 2920 deus
512 2863 632 2936 intersit,
646 2863 702 2921 nisi
716 2865 821 2940 dignus
834 2864 947 2921 vindice
961 2865 1054 2922 nodus

346 2940 499 2999 Inciderit:
520 2961 576 3000 nec
589 2953 688 3017 quarta
701 2943 776 3017 loqui
790 2962 911 3017 persona
923 2943 1040 3001 laboret.

386 3021 501 3078 Actoris
513 3032 607 3096 partes
621 3023 725 3079 chorus
739 3021 920 3096 officiumque
934 3021 1014 3080 virile

346 3098 504 3168 Defendat3
525 3119 583 3157 neu
596 3101 663 3174 quid
679 3100 788 3158 medios
799 3100 952 3157 intercinat
966 3111 1056 3174 actus,

345 3178 434 3239 Quod
449 3197 507 3235 non
520 3178 662 3254 proposito
676 3179 820 3236 conducat
833 3190 862 3236 et
876 3180 982 3236 haereat
995 3177 1078 3256 apte:

346 3257 399 3314 Ille
413 3257 494 3314 bonis
508 3257 663 3331 faveatque,
677 3267 706 3314 et
719 3258 886 3315 consilietur
899 3259 1015 3330 amicis;

346 3334 384 3392 Et
397 3347 477 3412 regat
490 3336 585 3408 iratos,
599 3347 629 3395 et
643 3347 718 3394 amet
731 3356 834 3413 pacare
849 3348 992 3395 tumentes
1003 3359 1010 3408 ;

346 3413 398 3472 Ille
413 3415 500 3490 dapes
515 3415 611 3472 laudet
623 3434 730 3473 mensae
745 3417 853 3488 brevis;
875 3418 923 3475 ille
937 3419 1079 3477 salubrem

345 3492 364 3549 J
366 3494 501 3567 ustitiam,
514 3494 658 3571 legesque,
672 3507 701 3554 et
715 3497 818 3572 apertis
831 3497 889 3555 otia
901 3497 1005 3574 portis;

346 3571 400 3630 Ille
414 3584 490 3650 tegat
504 3575 664 3647 commissa,
679 3576 804 3651 deosque
817 3588 950 3652 precetur
961 3589 990 3634 et
1002 3587 1073 3649 oret,

345 3651 384 3710 Ut
397 3654 494 3710 redeat
508 3654 628 3725 miseris,
644 3655 727 3712 abeat
741 3656 855 3714 fortuna
869 3656 1006 3732 superbis.

384 3731 472 3789 Tibia
486 3752 553 3803 non,
569 3744 600 3790 ut
614 3752 701 3806 nunc,
716 3735 861 3792 orichalco
874 3736 978 3806 vincta,
992 3734 1125 3809 tubaeque

344 3808 471 3884 AEmula,
485 3814 535 3869 sed
550 3812 643 3869 tenuis
657 3813 832 3888 simplexque
844 3813 981 3871 foramine
994 3832 1097 3888 pauco,

341 3889 500 3965 ,Adspirate
514 3902 543 3948 et
557 3892 656 3948 adesse
671 3892 765 3949 choris
779 3903 840 3950 erat
853 3892 940 3963 utilis,
954 3902 1038 3966 atque

343 3965 481 4026 Nondum
496 3970 584 4045 spissa
598 3969 684 4027 nimis
698 3971 841 4046 complere
855 3971 955 4027 sedilia
969 3970 1047 4044 llatu,

343 4045 415 4108 Qud
429 4045 498 4106 sane
514 4049 634 4124 populus
647 4049 841 4123 numerabilis,
855 4060 951 4126 utpote
965 4070 1078 4126 parvus,

344 4124 383 4184 Et
396 4125 470 4204 frugi
484 4138 634 4203 castusque
648 4129 881 4206 verecundusque
895 4129 998 4189 coibat.
