3084 4900
541 585 680 631 CARMlN
689 584 740 631 UM
760 584 825 630 LlB.
844 584 879 631 11.

371 728 468 785 Laetus
482 728 512 785 in
526 746 650 803 praesens
665 727 777 783 animus
791 728 866 800 quod
881 727 956 787 ulna
969 738 1013 788 est

370 806 473 878 Oderit
486 826 596 877 curare,
611 818 639 863 et
653 825 749 863 amara
762 806 841 863 lento

371 885 529 962 Temperet
542 886 609 943 risu.
650 883 732 940 Nihil
747 894 790 941 est
804 886 840 941 ab
855 886 933 943 omni

568 964 651 1021 Parte
666 964 789 1020 beatum.

372 1043 499 1102 Abstulit
512 1044 620 1100 clarum
635 1043 691 1099 cita
705 1061 782 1099 mors
796 1043 941 1100 Achillem
949 1063 957 1115 ;

370 1124 470 1199 Longa
484 1122 643 1180 Tithonum
656 1122 760 1178 minuit
774 1134 926 1194 senectus3

370 1202 409 1260 Et
421 1202 491 1259 mibi
505 1202 609 1272 forsan,
624 1201 675 1258 tibi
688 1202 764 1275 quod
778 1201 900 1277 negarit,

567 1280 696 1355 Porriget
709 1281 787 1337 hora.

370 1361 417 1418 Te
430 1379 533 1436 greges
546 1370 663 1417 centum
678 1360 841 1434 Siculaeque
855 1360 966 1417 circum

370 1438 507 1515 Mugiunt
520 1457 615 1495 vaccae
627 1458 634 1508 3
656 1438 708 1495 tibi
722 1439 794 1495 tollit
808 1439 953 1496 hinnitum

370 1519 447 1595 Apta
460 1518 604 1593 quadrigis
617 1536 706 1591 equa3
727 1528 755 1574 te
770 1518 815 1575 bis
828 1517 900 1576 Afro

567 1595 680 1653 Murice
694 1598 791 1653 tinctae
833 1637 835 1639 -

369 1676 504 1734 Vestiunt
517 1676 608 1732 lanae:
628 1676 698 1732 rnihi
711 1695 798 1751 parva
810 1694 877 1733 rura
889 1686 919 1733 et

371 1755 509 1830 Spiritum
522 1754 616 1810 Graiae
630 1764 746 1811 tenuem
761 1754 907 1811 Oamoenae

369 1834 461 1891 Parca
474 1851 532 1890 non
546 1832 670 1889 mendax
684 1833 771 1903 dedit,
786 1843 815 1889 et
827 1833 986 1910 malignum

569 1911 710 1987 spernere
724 1911 834 1987 vulgus.

615 2227 699 2286 ODE
713 2228 798 2287 XIV.

487 2370 527 2407 An
542 2366 741 2407 MAECENATEM
762 2366 924 2406 AEGROTUM·

369 2468 436 2528 Oua
449 2488 495 2527 me
508 2470 630 2546 querelis
644 2468 791 2525 exanimas
804 2467 884 2524 tuisl

369 2548 435 2606 Nec
449 2548 494 2606 dis
508 2549 632 2605 amicum
646 2558 698 2620 est,
713 2565 767 2604 nee
782 2547 861 2620 mihi,
875 2556 904 2603 te
917 2543 997 2623 pribs

406 2626 508 2700 Obire,
523 2625 679 2698 Maecenas,
693 2644 822 2682 mearum

448 2706 565 2764 Grande
580 2707 669 2762 decus
683 2705 871 2781 columenque
885 2723 997 2777 rerum„

370 2786 437 2842 Ah!
459 2796 488 2842 te
502 2803 573 2841 meae
588 2785 612 2842 si
624 2795 733 2860 partem
747 2785 850 2842 animae
864 2785 937 2862 rapit

315 2921 317 2925 ,
369 2863 509 2922 Maturior
523 2865 572 2936 vis,
587 2865 655 2940 quid
669 2874 767 2941 moror
776 2865 873 2937 altera,

408 2943 439 3000 N
441 2963 475 3001 ec
489 2963 572 3001 carus
586 2941 677 3019 aequd,
692 2963 747 3002 nec
761 2955 905 3020 superstes

447 3023 562 3100 Integer
570 3026 582 3081 l
603 3023 655 3081 Ille
670 3025 731 3080 dies
746 3035 894 3098 utramque

368 3102 464 3160 Ducet
477 3104 597 3161 ruinam.
638 3102 709 3161 Non
723 3122 778 3178 ego
791 3103 931 3177 perfidum

367 3181 435 3240 Dixi
449 3195 675 3240 sacramentum:
697 3183 811 3254 ibimus,
826 3183 940 3255 ibimus,

409 3261 561 3338 Utcunque
576 3263 730 3337 praecedeS,
746 3279 911 3336 supremum

446 3340 570 3417 Carpere
586 3342 638 3397 iter
652 3342 771 3397 comites
785 3340 883 3415 parati.

368 3417 418 3477 Me
432 3438 486 3476 nec
501 3419 651 3476 Chimaerae
666 3419 781 3493 spiritus
794 3419 897 3493 igneae,

367 3497 442 3570 Nec,
457 3499 481 3553 si
495 3508 624 3572 resurgat
638 3498 818 3553 centimanus
832 3496 939 3570 Gyges,

406 3576 530 3634 Divellet
544 3592 684 3648 unquam:
706 3575 748 3630 sic
761 3574 871 3649 potenti

445 3653 569 3711 lustitia}
582 3652 774 3728 placitumque
789 3651 895 3710 Parcis.

368 3736 427 3792 Seu
441 3734 537 3804 Libra,
552 3751 603 3789 seu
617 3750 663 3788 me
679 3731 815 3807 Scorpius
828 3731 930 3808 aspicit

367 3813 590 3884 Formidolosus‚
605 3831 669 3888 pars
684 3811 831 3869 violentior

406 3892 518 3949 Natalis
533 3892 618 3964 horae,
634 3911 684 3948 seu
698 3903 836 3967 tyrannus

447 3971 594 4047 Hesperiae
609 3971 801 4047 Capricornus
815 3971 916 4040 undae;

348 4056 353 4093 t
367 4049 525 4125 Utrumque
539 4051 667 4108 nostrirm
680 4051 840 4109 incredibili
855 4051 939 4107 modo

368 4129 520 4187 Consentit
531 4134 659 4188 astrum&
688 4130 733 4186 Te
747 4131 826 4188 lovis
840 4130 927 4206 impio
