<?xml version="1.0" encoding="UTF-8"?>
<!DOCTYPE html PUBLIC "-//W3C//DTD XHTML 1.0 Transitional//EN"
    "http://www.w3.org/TR/xhtml1/DTD/xhtml1-transitional.dtd">
<html xmlns="http://www.w3.org/1999/xhtml" xml:lang="en" lang="en">
 <head>
  <title>
</title>
<meta http-equiv="Content-Type" content="text/html;charset=utf-8" />
  <meta name='ocr-system' content='tesseract 3.04.00' />
  <meta name='ocr-capabilities' content='ocr_page ocr_carea ocr_par ocr_line ocrx_word'/>
</head>
<body>
  <div class='ocr_page' id='page_1' title='image "./quintihoratiifl00horagoog_0108.png"; bbox 0 0 3084 4900; ppageno 0'>
   <div class='ocr_carea' id='block_1_1' title="bbox 346 934 996 1027">
    <p class='ocr_par' dir='ltr' id='par_1_1' title="bbox 346 934 996 1027">
     <span class='ocr_line' id='line_1_1' title="bbox 346 934 996 1027; baseline 0.011 -20"><span class='ocrx_word' id='word_1_1' title='bbox 346 934 713 1027; x_wconf 81' lang='lat' dir='ltr'><strong>Q.HORAT11</strong></span> <span class='ocrx_word' id='word_1_2' title='bbox 755 938 996 1014; x_wconf 72' lang='lat' dir='ltr'>Feroci</span> 
     </span>
    </p>
   </div>
   <div class='ocr_carea' id='block_1_2' title="bbox 432 1182 911 1250">
    <p class='ocr_par' dir='ltr' id='par_1_2' title="bbox 432 1182 911 1250">
     <span class='ocr_line' id='line_1_2' title="bbox 432 1182 911 1250; baseline 0.006 -3"><span class='ocrx_word' id='word_1_3' title='bbox 432 1182 624 1247; x_wconf 88' lang='lat' dir='ltr'><strong>CARMEN</strong></span> <span class='ocrx_word' id='word_1_4' title='bbox 647 1184 911 1250; x_wconf 85' lang='lat' dir='ltr'><strong>SAECULARE.</strong></span> 
     </span>
    </p>
   </div>
   <div class='ocr_carea' id='block_1_3' title="bbox 457 1674 879 1716">
    <p class='ocr_par' dir='ltr' id='par_1_3' title="bbox 457 1674 879 1716">
     <span class='ocr_line' id='line_1_3' title="bbox 457 1674 879 1716; baseline 0.007 -3"><span class='ocrx_word' id='word_1_5' title='bbox 457 1674 498 1713; x_wconf 77' lang='lat' dir='ltr'>An</span> <span class='ocrx_word' id='word_1_6' title='bbox 511 1674 684 1713; x_wconf 76' lang='lat' dir='ltr'><strong>APOLLINEM</strong></span> <span class='ocrx_word' id='word_1_7' title='bbox 697 1675 737 1713; x_wconf 80' lang='grc' dir='ltr'>ΕΤ</span> <span class='ocrx_word' id='word_1_8' title='bbox 751 1676 879 1716; x_wconf 80' lang='lat' dir='ltr'><strong>DIANAM.</strong></span> 
     </span>
    </p>
   </div>
   <div class='ocr_carea' id='block_1_4' title="bbox 323 1774 988 4285">
    <p class='ocr_par' dir='ltr' id='par_1_4' title="bbox 323 1774 988 4285">
     <span class='ocr_line' id='line_1_4' title="bbox 331 1774 894 1851; baseline 0 -18"><span class='ocrx_word' id='word_1_9' title='bbox 331 1774 458 1848; x_wconf 80' lang='lat' dir='ltr'>Pumnn,</span> <span class='ocrx_word' id='word_1_10' title='bbox 472 1776 661 1850; x_wconf 82' lang='lat' dir='ltr'><strong>silvarumque</strong></span> <span class='ocrx_word' id='word_1_11' title='bbox 674 1785 776 1851; x_wconf 89' lang='lat' dir='ltr'>potens</span> <span class='ocrx_word' id='word_1_12' title='bbox 789 1774 894 1850; x_wconf 82' lang='lat' dir='ltr'>Diana,</span> 
     </span>
     <span class='ocr_line' id='line_1_5' title="bbox 331 1854 829 1926; baseline 0 -14"><span class='ocrx_word' id='word_1_13' title='bbox 331 1854 474 1912; x_wconf 82' lang='lat' dir='ltr'><strong>Lucidum</strong></span> <span class='ocrx_word' id='word_1_14' title='bbox 488 1855 554 1912; x_wconf 88' lang='lat' dir='ltr'>coeli</span> <span class='ocrx_word' id='word_1_15' title='bbox 569 1854 668 1926; x_wconf 88' lang='lat' dir='ltr'>decus,</span> <span class='ocrx_word' id='word_1_16' title='bbox 683 1873 702 1913; x_wconf 92' lang='lat' dir='ltr'>o</span> <span class='ocrx_word' id='word_1_17' title='bbox 715 1854 829 1912; x_wconf 90' lang='lat' dir='ltr'>colendi</span> 
     </span>
     <span class='ocr_line' id='line_1_6' title="bbox 332 1933 906 2010; baseline -0.002 -17"><span class='ocrx_word' id='word_1_18' title='bbox 332 1935 451 2010; x_wconf 84' lang='lat' dir='ltr'>Semper</span> <span class='ocrx_word' id='word_1_19' title='bbox 464 1944 494 1991; x_wconf 91' lang='lat' dir='ltr'>et</span> <span class='ocrx_word' id='word_1_20' title='bbox 506 1933 585 2004; x_wconf 87' lang='lat' dir='ltr'>culti,</span> <span class='ocrx_word' id='word_1_21' title='bbox 600 1933 665 1990; x_wconf 89' lang='lat' dir='ltr'>date</span> <span class='ocrx_word' id='word_1_22' title='bbox 679 1952 742 2008; x_wconf 83' lang='lat' dir='ltr'>quae</span> <span class='ocrx_word' id='word_1_23' title='bbox 755 1952 906 2009; x_wconf 82' lang='lat' dir='ltr'>precamur</span> 
     </span>
     <span class='ocr_line' id='line_1_7' title="bbox 567 2012 836 2088; baseline 0.004 -19"><span class='ocrx_word' id='word_1_24' title='bbox 567 2012 711 2088; x_wconf 84' lang='lat' dir='ltr'>Tempore</span> <span class='ocrx_word' id='word_1_25' title='bbox 724 2013 836 2088; x_wconf 88' lang='lat' dir='ltr'>prisco;</span> 
     </span>
     <span class='ocr_line' id='line_1_8' title="bbox 329 2090 808 2167; baseline -0.006 -14"><span class='ocrx_word' id='word_1_26' title='bbox 329 2091 399 2153; x_wconf 82' lang='lat' dir='ltr'>Quo</span> <span class='ocrx_word' id='word_1_27' title='bbox 413 2091 544 2167; x_wconf 83' lang='lat' dir='ltr'><strong>Sibyllini</strong></span> <span class='ocrx_word' id='word_1_28' title='bbox 558 2090 696 2149; x_wconf 70' lang='lat' dir='ltr'>monuere</span> <span class='ocrx_word' id='word_1_29' title='bbox 711 2111 808 2150; x_wconf 88' lang='lat' dir='ltr'>versus</span> 
     </span>
     <span class='ocr_line' id='line_1_9' title="bbox 330 2171 845 2247; baseline 0.008 -19"><span class='ocrx_word' id='word_1_30' title='bbox 330 2171 465 2247; x_wconf 84' lang='lat' dir='ltr'>Virgines</span> <span class='ocrx_word' id='word_1_31' title='bbox 477 2171 566 2228; x_wconf 89' lang='lat' dir='ltr'>lectas</span> <span class='ocrx_word' id='word_1_32' title='bbox 579 2190 737 2246; x_wconf 89' lang='lat' dir='ltr'>puerosque</span> <span class='ocrx_word' id='word_1_33' title='bbox 751 2184 845 2232; x_wconf 85' lang='lat' dir='ltr'>castos</span> 
     </span>
     <span class='ocr_line' id='line_1_10' title="bbox 329 2249 887 2328; baseline 0.005 -20"><span class='ocrx_word' id='word_1_34' title='bbox 329 2249 393 2323; x_wconf 90' lang='lat' dir='ltr'>Dis,</span> <span class='ocrx_word' id='word_1_35' title='bbox 408 2250 510 2326; x_wconf 91' lang='lat' dir='ltr'>quibus</span> <span class='ocrx_word' id='word_1_36' title='bbox 523 2261 631 2328; x_wconf 82' lang='lat' dir='ltr'>septem</span> <span class='ocrx_word' id='word_1_37' title='bbox 645 2249 779 2325; x_wconf 70' lang='lat' dir='ltr'>placuere</span> <span class='ocrx_word' id='word_1_38' title='bbox 790 2253 887 2327; x_wconf 91' lang='lat' dir='ltr'>colles,</span> 
     </span>
     <span class='ocr_line' id='line_1_11' title="bbox 565 2328 846 2401; baseline 0.014 -16"><span class='ocrx_word' id='word_1_39' title='bbox 565 2328 671 2386; x_wconf 81' lang='lat' dir='ltr'>Dicere</span> <span class='ocrx_word' id='word_1_40' title='bbox 686 2348 811 2389; x_wconf 83' lang='lat' dir='ltr'>carmen.</span> <span class='ocrx_word' id='word_1_41' title='bbox 838 2392 846 2401; x_wconf 64' lang='grc'>,</span> 
     </span>
     <span class='ocr_line' id='line_1_12' title="bbox 330 2408 845 2485; baseline 0 -18"><span class='ocrx_word' id='word_1_42' title='bbox 330 2408 415 2467; x_wconf 87' lang='lat' dir='ltr'>Alme</span> <span class='ocrx_word' id='word_1_43' title='bbox 429 2408 488 2481; x_wconf 83' lang='lat' dir='ltr'>Sol,</span> <span class='ocrx_word' id='word_1_44' title='bbox 502 2426 589 2466; x_wconf 90' lang='lat' dir='ltr'>curru</span> <span class='ocrx_word' id='word_1_45' title='bbox 603 2408 693 2467; x_wconf 91' lang='lat' dir='ltr'>nitido</span> <span class='ocrx_word' id='word_1_46' title='bbox 706 2409 783 2466; x_wconf 91' lang='lat' dir='ltr'>diem</span> <span class='ocrx_word' id='word_1_47' title='bbox 797 2411 845 2485; x_wconf 92' lang='lat' dir='ltr'>qui</span> 
     </span>
     <span class='ocr_line' id='line_1_13' title="bbox 330 2488 859 2562; baseline 0 -16"><span class='ocrx_word' id='word_1_48' title='bbox 330 2489 440 2546; x_wconf 88' lang='lat' dir='ltr'>Promis</span> <span class='ocrx_word' id='word_1_49' title='bbox 453 2499 483 2546; x_wconf 90' lang='lat' dir='ltr'>et</span> <span class='ocrx_word' id='word_1_50' title='bbox 496 2488 582 2560; x_wconf 82' lang='lat' dir='ltr'>celas,</span> <span class='ocrx_word' id='word_1_51' title='bbox 597 2488 725 2562; x_wconf 89' lang='lat' dir='ltr'>aliusque</span> <span class='ocrx_word' id='word_1_52' title='bbox 739 2499 769 2546; x_wconf 91' lang='lat' dir='ltr'>et</span> <span class='ocrx_word' id='word_1_53' title='bbox 782 2490 859 2546; x_wconf 81' lang='lat' dir='ltr'>idem</span> 
     </span>
     <span class='ocr_line' id='line_1_14' title="bbox 330 2566 864 2643; baseline 0.002 -19"><span class='ocrx_word' id='word_1_54' title='bbox 330 2566 477 2640; x_wconf 84' lang='lat' dir='ltr'>Nasceris,</span> <span class='ocrx_word' id='word_1_55' title='bbox 491 2567 582 2643; x_wconf 89' lang='lat' dir='ltr'>possis</span> <span class='ocrx_word' id='word_1_56' title='bbox 596 2566 667 2622; x_wconf 93' lang='lat' dir='ltr'>nihil</span> <span class='ocrx_word' id='word_1_57' title='bbox 682 2567 751 2623; x_wconf 92' lang='lat' dir='ltr'>urbe</span> <span class='ocrx_word' id='word_1_58' title='bbox 765 2566 864 2625; x_wconf 68' lang='lat' dir='ltr'>Romi</span> 
     </span>
     <span class='ocr_line' id='line_1_15' title="bbox 564 2644 788 2720; baseline 0.004 -19"><span class='ocrx_word' id='word_1_59' title='bbox 564 2644 666 2701; x_wconf 88' lang='lat' dir='ltr'>Visere</span> <span class='ocrx_word' id='word_1_60' title='bbox 680 2644 788 2720; x_wconf 81' lang='lat' dir='ltr'>majus!</span> 
     </span>
     <span class='ocr_line' id='line_1_16' title="bbox 328 2722 772 2799; baseline -0.007 -15"><span class='ocrx_word' id='word_1_61' title='bbox 328 2723 399 2784; x_wconf 73' lang='lat' dir='ltr'>Rite</span> <span class='ocrx_word' id='word_1_62' title='bbox 414 2734 539 2781; x_wconf 90' lang='lat' dir='ltr'>maturos</span> <span class='ocrx_word' id='word_1_63' title='bbox 553 2722 662 2798; x_wconf 89' lang='lat' dir='ltr'>aperire</span> <span class='ocrx_word' id='word_1_64' title='bbox 675 2734 772 2799; x_wconf 88' lang='lat' dir='ltr'>partus</span> 
     </span>
     <span class='ocr_line' id='line_1_17' title="bbox 327 2802 782 2877; baseline -0.007 -14"><span class='ocrx_word' id='word_1_65' title='bbox 327 2804 416 2863; x_wconf 90' lang='lat' dir='ltr'>Lenis</span> <span class='ocrx_word' id='word_1_66' title='bbox 430 2802 553 2877; x_wconf 82' lang='lat' dir='ltr'>Ilithyia‚</span> <span class='ocrx_word' id='word_1_67' title='bbox 567 2813 648 2859; x_wconf 89' lang='lat' dir='ltr'>tuere</span> <span class='ocrx_word' id='word_1_68' title='bbox 661 2813 782 2873; x_wconf 80' lang='lat' dir='ltr'>metres3</span> 
     </span>
     <span class='ocr_line' id='line_1_18' title="bbox 328 2881 801 2958; baseline -0.004 -17"><span class='ocrx_word' id='word_1_69' title='bbox 328 2884 395 2941; x_wconf 84' lang='lat' dir='ltr'>Sive</span> <span class='ocrx_word' id='word_1_70' title='bbox 408 2895 439 2941; x_wconf 88' lang='lat' dir='ltr'>tu</span> <span class='ocrx_word' id='word_1_71' title='bbox 454 2882 566 2939; x_wconf 86' lang='lat' dir='ltr'>Lucina</span> <span class='ocrx_word' id='word_1_72' title='bbox 578 2881 681 2958; x_wconf 88' lang='lat' dir='ltr'>probas</span> <span class='ocrx_word' id='word_1_73' title='bbox 695 2881 801 2955; x_wconf 82' lang='lat' dir='ltr'>vocari,</span> 
     </span>
     <span class='ocr_line' id='line_1_19' title="bbox 564 2961 786 3020; baseline 0.014 -3"><span class='ocrx_word' id='word_1_74' title='bbox 564 2962 623 3018; x_wconf 86' lang='lat' dir='ltr'>Seu</span> <span class='ocrx_word' id='word_1_75' title='bbox 637 2961 786 3020; x_wconf 77' lang='lat' dir='ltr'>Genitalis.</span> 
     </span>
     <span class='ocr_line' id='line_1_20' title="bbox 327 3040 903 3118; baseline 0.005 -20"><span class='ocrx_word' id='word_1_76' title='bbox 327 3040 411 3113; x_wconf 85' lang='lat' dir='ltr'>Diva,</span> <span class='ocrx_word' id='word_1_77' title='bbox 425 3041 565 3116; x_wconf 88' lang='lat' dir='ltr'>producas</span> <span class='ocrx_word' id='word_1_78' title='bbox 579 3041 714 3112; x_wconf 87' lang='lat' dir='ltr'>sobolem,</span> <span class='ocrx_word' id='word_1_79' title='bbox 729 3041 903 3118; x_wconf 77' lang='lat' dir='ltr'>Patremque</span> 
     </span>
     <span class='ocr_line' id='line_1_21' title="bbox 328 3120 851 3198; baseline 0.002 -21"><span class='ocrx_word' id='word_1_80' title='bbox 328 3120 478 3196; x_wconf 89' lang='lat' dir='ltr'>Prosperes</span> <span class='ocrx_word' id='word_1_81' title='bbox 492 3120 606 3176; x_wconf 89' lang='lat' dir='ltr'>decreta</span> <span class='ocrx_word' id='word_1_82' title='bbox 620 3139 704 3196; x_wconf 90' lang='lat' dir='ltr'>super</span> <span class='ocrx_word' id='word_1_83' title='bbox 714 3120 851 3198; x_wconf 86' lang='lat' dir='ltr'>jugandis</span> 
     </span>
     <span class='ocr_line' id='line_1_22' title="bbox 328 3199 825 3275; baseline 0.002 -19"><span class='ocrx_word' id='word_1_84' title='bbox 328 3199 476 3271; x_wconf 85' lang='lat' dir='ltr'>Foeminis,</span> <span class='ocrx_word' id='word_1_85' title='bbox 489 3199 629 3275; x_wconf 91' lang='lat' dir='ltr'>prolisque</span> <span class='ocrx_word' id='word_1_86' title='bbox 644 3218 723 3257; x_wconf 76' lang='lat' dir='ltr'>novae</span> <span class='ocrx_word' id='word_1_87' title='bbox 737 3201 825 3258; x_wconf 89' lang='lat' dir='ltr'>feraci</span> 
     </span>
     <span class='ocr_line' id='line_1_23' title="bbox 563 3276 765 3353; baseline 0.005 -18"><span class='ocrx_word' id='word_1_88' title='bbox 563 3276 642 3353; x_wconf 83' lang='lat' dir='ltr'>Lege</span> <span class='ocrx_word' id='word_1_89' title='bbox 655 3279 765 3336; x_wconf 74' lang='lat' dir='ltr'>marini.</span> 
     </span>
     <span class='ocr_line' id='line_1_24' title="bbox 327 3352 859 3433; baseline 0.004 -19"><span class='ocrx_word' id='word_1_90' title='bbox 327 3352 431 3414; x_wconf 81' lang='lat' dir='ltr'>Certus</span> <span class='ocrx_word' id='word_1_91' title='bbox 444 3367 476 3414; x_wconf 90' lang='lat' dir='ltr'>ut</span> <span class='ocrx_word' id='word_1_92' title='bbox 489 3357 578 3413; x_wconf 90' lang='lat' dir='ltr'>denos</span> <span class='ocrx_word' id='word_1_93' title='bbox 592 3358 689 3415; x_wconf 91' lang='lat' dir='ltr'>decies</span> <span class='ocrx_word' id='word_1_94' title='bbox 703 3378 754 3433; x_wconf 90' lang='lat' dir='ltr'>per</span> <span class='ocrx_word' id='word_1_95' title='bbox 767 3377 859 3416; x_wconf 91' lang='lat' dir='ltr'>annos</span> 
     </span>
     <span class='ocr_line' id='line_1_25' title="bbox 326 3435 848 3510; baseline 0.002 -16"><span class='ocrx_word' id='word_1_96' title='bbox 326 3435 414 3494; x_wconf 89' lang='lat' dir='ltr'>Orbis</span> <span class='ocrx_word' id='word_1_97' title='bbox 427 3447 456 3494; x_wconf 88' lang='lat' dir='ltr'>et</span> <span class='ocrx_word' id='word_1_98' title='bbox 469 3446 571 3492; x_wconf 89' lang='lat' dir='ltr'>cantus</span> <span class='ocrx_word' id='word_1_99' title='bbox 585 3436 741 3510; x_wconf 82' lang='lat' dir='ltr'>referatque</span> <span class='ocrx_word' id='word_1_100' title='bbox 755 3437 848 3510; x_wconf 90' lang='lat' dir='ltr'>ludos,</span> 
     </span>
     <span class='ocr_line' id='line_1_26' title="bbox 327 3513 792 3589; baseline -0.002 -17"><span class='ocrx_word' id='word_1_101' title='bbox 327 3513 387 3572; x_wconf 88' lang='lat' dir='ltr'>Ter</span> <span class='ocrx_word' id='word_1_102' title='bbox 401 3515 447 3572; x_wconf 91' lang='lat' dir='ltr'>die</span> <span class='ocrx_word' id='word_1_103' title='bbox 460 3515 547 3586; x_wconf 88' lang='lat' dir='ltr'>claro,</span> <span class='ocrx_word' id='word_1_104' title='bbox 558 3513 697 3588; x_wconf 90' lang='lat' dir='ltr'>totiesque</span> <span class='ocrx_word' id='word_1_105' title='bbox 710 3516 792 3589; x_wconf 67' lang='lat' dir='ltr'>grati</span> 
     </span>
     <span class='ocr_line' id='line_1_27' title="bbox 564 3590 843 3667; baseline 0.007 -19"><span class='ocrx_word' id='word_1_106' title='bbox 564 3590 659 3648; x_wconf 83' lang='lat' dir='ltr'>Nocte</span> <span class='ocrx_word' id='word_1_107' title='bbox 673 3592 843 3667; x_wconf 88' lang='lat' dir='ltr'>frequentes.</span> 
     </span>
     <span class='ocr_line' id='line_1_28' title="bbox 326 3671 855 3749; baseline -0.009 -17"><span class='ocrx_word' id='word_1_108' title='bbox 326 3672 441 3749; x_wconf 84' lang='lat' dir='ltr'>Vosque</span> <span class='ocrx_word' id='word_1_109' title='bbox 454 3690 569 3730; x_wconf 78' lang='lat' dir='ltr'>veraces</span> <span class='ocrx_word' id='word_1_110' title='bbox 582 3671 732 3744; x_wconf 89' lang='lat' dir='ltr'>cecinisse,</span> <span class='ocrx_word' id='word_1_111' title='bbox 746 3671 855 3744; x_wconf 72' lang='lat' dir='ltr'>Parce,</span> 
     </span>
     <span class='ocr_line' id='line_1_29' title="bbox 323 3751 988 3827; baseline -0.005 -13"><span class='ocrx_word' id='word_1_112' title='bbox 323 3752 414 3815; x_wconf 79' lang='lat' dir='ltr'>Quod</span> <span class='ocrx_word' id='word_1_113' title='bbox 429 3752 515 3810; x_wconf 91' lang='lat' dir='ltr'>semel</span> <span class='ocrx_word' id='word_1_114' title='bbox 530 3751 639 3808; x_wconf 91' lang='lat' dir='ltr'>dictum</span> <span class='ocrx_word' id='word_1_115' title='bbox 652 3761 704 3824; x_wconf 90' lang='lat' dir='ltr'>est,</span> <span class='ocrx_word' id='word_1_116' title='bbox 718 3751 882 3827; x_wconf 91' lang='lat' dir='ltr'>stabilisque</span> <span class='ocrx_word' id='word_1_117' title='bbox 895 3769 988 3810; x_wconf 86' lang='lat' dir='ltr'>rerum</span> 
     </span>
     <span class='ocr_line' id='line_1_30' title="bbox 325 3831 890 3908; baseline 0.005 -22"><span class='ocrx_word' id='word_1_118' title='bbox 325 3831 478 3890; x_wconf 82' lang='lat' dir='ltr'>Terminus</span> <span class='ocrx_word' id='word_1_119' title='bbox 493 3842 594 3903; x_wconf 88' lang='lat' dir='ltr'>servet,</span> <span class='ocrx_word' id='word_1_120' title='bbox 609 3831 683 3888; x_wconf 80' lang='lat' dir='ltr'>bona</span> <span class='ocrx_word' id='word_1_121' title='bbox 693 3831 753 3907; x_wconf 89' lang='lat' dir='ltr'>jam</span> <span class='ocrx_word' id='word_1_122' title='bbox 767 3831 890 3908; x_wconf 80' lang='lat' dir='ltr'>peractis</span> 
     </span>
     <span class='ocr_line' id='line_1_31' title="bbox 563 3908 761 3986; baseline 0.01 -20"><span class='ocrx_word' id='word_1_123' title='bbox 563 3908 581 3966; x_wconf 89' lang='lat' dir='ltr'><strong>J</strong></span> <span class='ocrx_word' id='word_1_124' title='bbox 583 3911 681 3986; x_wconf 85' lang='lat' dir='ltr'>ungite</span> <span class='ocrx_word' id='word_1_125' title='bbox 696 3911 761 3968; x_wconf 81' lang='lat' dir='ltr'>sata.</span> 
     </span>
     <span class='ocr_line' id='line_1_32' title="bbox 325 3986 865 4066; baseline 0.004 -20"><span class='ocrx_word' id='word_1_126' title='bbox 325 3986 440 4048; x_wconf 77' lang='lat' dir='ltr'>Fertilis</span> <span class='ocrx_word' id='word_1_127' title='bbox 454 3989 567 4066; x_wconf 84' lang='lat' dir='ltr'>frugum</span> <span class='ocrx_word' id='word_1_128' title='bbox 580 3991 746 4066; x_wconf 84' lang='lat' dir='ltr'>pecorisque</span> <span class='ocrx_word' id='word_1_129' title='bbox 761 3990 865 4048; x_wconf 86' lang='lat' dir='ltr'>Tellus</span> 
     </span>
     <span class='ocr_line' id='line_1_33' title="bbox 326 4067 816 4128; baseline 0.004 -3"><span class='ocrx_word' id='word_1_130' title='bbox 326 4068 348 4125; x_wconf 81' lang='lat' dir='ltr'>S</span> <span class='ocrx_word' id='word_1_131' title='bbox 368 4067 431 4126; x_wconf 72' lang='lat' dir='ltr'>icei</span> <span class='ocrx_word' id='word_1_132' title='bbox 445 4069 532 4126; x_wconf 89' lang='lat' dir='ltr'>donet</span> <span class='ocrx_word' id='word_1_133' title='bbox 545 4068 680 4126; x_wconf 88' lang='lat' dir='ltr'>Cererem</span> <span class='ocrx_word' id='word_1_134' title='bbox 693 4071 816 4128; x_wconf 72' lang='lat' dir='ltr'>corono:</span> 
     </span>
     <span class='ocr_line' id='line_1_34' title="bbox 358 4147 843 4222; baseline 0.006 -18"><span class='ocrx_word' id='word_1_135' title='bbox 358 4147 465 4205; x_wconf 84' lang='lat' dir='ltr'>utriant</span> <span class='ocrx_word' id='word_1_136' title='bbox 479 4148 562 4204; x_wconf 82' lang='lat' dir='ltr'>ioetus</span> <span class='ocrx_word' id='word_1_137' title='bbox 576 4159 605 4204; x_wconf 87' lang='lat' dir='ltr'>et</span> <span class='ocrx_word' id='word_1_138' title='bbox 620 4167 699 4222; x_wconf 86' lang='lat' dir='ltr'>aquae</span> <span class='ocrx_word' id='word_1_139' title='bbox 713 4149 843 4207; x_wconf 84' lang='lat' dir='ltr'>salubres</span> 
     </span>
     <span class='ocr_line' id='line_1_35' title="bbox 404 4226 792 4285; baseline 0.003 -1"><span class='ocrx_word' id='word_1_140' title='bbox 404 4227 452 4284; x_wconf 73' lang='lat'>8*</span> <span class='ocrx_word' id='word_1_141' title='bbox 563 4226 602 4283; x_wconf 90' lang='lat' dir='ltr'>Et</span> <span class='ocrx_word' id='word_1_142' title='bbox 615 4227 693 4284; x_wconf 85' lang='lat' dir='ltr'>Jovis</span> <span class='ocrx_word' id='word_1_143' title='bbox 707 4246 792 4285; x_wconf 71' lang='lat' dir='ltr'>aurae.</span> 
     </span>
    </p>
   </div>
   <div class='ocr_carea' id='block_1_5' title="bbox 0 0 1546 4900">
    <p class='ocr_par' dir='ltr' id='par_1_5' title="bbox 0 0 1546 4900">
     <span class='ocr_line' id='line_1_36' title="bbox 0 0 1546 4900; baseline 0 2"><span class='ocrx_word' id='word_1_144' title='bbox 0 0 1546 4900; x_wconf 95' lang='lat' dir='ltr'> </span> 
     </span>
    </p>
   </div>
  </div>
 </body>
</html>
