3084 4900
328 653 383 711 161
554 711 558 717 ,
649 650 680 707 Q.
698 648 845 697 HORATlI
862 646 987 697 FLACCI

364 792 467 850 Caecus
482 793 534 851 iter
548 802 704 850 monstrare
718 793 801 851 velit:
822 803 919 850 tamen
933 790 1029 867 aspice
1042 790 1066 848 si
1080 792 1148 866 quid

363 872 402 930 Et
415 892 477 945 nos,
491 871 565 947 quod
580 892 662 929 cures
677 873 821 948 proprium
836 872 946 943 fecisse,
960 871 1116 945 loquamur.
1300 874 1322 931 5

405 951 436 1008 si
450 963 478 1009 te
492 962 571 1027 grata
584 952 664 1026 quies
678 963 706 1009 et
720 953 839 1027 primam
854 969 971 1007 somnus
985 950 1015 1006 in
1029 950 1129 1007 horam

364 1029 512 1100 Delectat;
534 1032 557 1087 si
571 1044 599 1087 te
613 1031 704 1105 pulvis
718 1030 906 1105 strepitusque
921 1040 1055 1101 rotarum,

366 1110 398 1166 Si
411 1109 489 1167 laedit
502 1129 642 1184 caupona,
657 1109 843 1166 Ferentinum
859 1109 899 1164 ire
911 1107 1033 1183 jubebo:

364 1188 441 1245 Nam
451 1207 544 1264 neque
558 1188 691 1245 divitibus
705 1188 876 1261 contingunt
889 1186 993 1261 gaudia
1007 1186 1073 1243 solis
1078 1205 1087 1256 ;

364 1266 429 1324 Nec
443 1268 511 1324 vixit
524 1264 608 1338 male,
623 1266 670 1340 qui
682 1278 765 1323 natus
780 1265 957 1339 moriensque
973 1264 1078 1323 fefellit.
1278 1268 1318 1326 1⁰

366 1347 397 1402 Si
411 1347 543 1421 prodesse
558 1345 624 1417 tuis,
638 1343 780 1420 pauldque
795 1341 947 1419 benignius
961 1344 1054 1419 ipsum

364 1423 410 1481 Te
424 1435 543 1482 tractare
557 1425 642 1495 voles,
657 1426 778 1481 accedes
792 1423 885 1480 siccus
900 1424 935 1479 ad
947 1433 1074 1481 unctum.

365 1508 382 1533 ‘⁶
397 1504 428 1560 Si
442 1505 592 1579 pranderet
602 1503 664 1560 clus
677 1504 826 1580 patienter,
841 1502 955 1577 regibus
970 1503 1010 1559 uti

364 1582 461 1639 Nollet
475 1583 664 1659 Aristippus.’'
707 1587 725 1612 ‘⁶
742 1584 774 1639 Si
788 1583 873 1639 sciret
887 1581 1001 1656 regibus
1015 1582 1066 1655 uti,

364 1661 602 1734 FastidiretoluS‚
616 1661 664 1735 qui
679 1681 725 1718 me
741 1663 846 1719 notat.''
889 1660 986 1717 Utrius
1000 1661 1101 1717 horum
1278 1662 1318 1719 15

364 1741 460 1798 Verba
473 1742 573 1817 probes
587 1753 616 1798 et
630 1742 713 1810 facta,
728 1742 800 1799 doce
812 1761 819 1810 ;
841 1740 884 1796 vel
897 1740 992 1816 junior
1007 1740 1074 1797 audi

364 1820 424 1877 Cur
438 1820 474 1878 sit
488 1820 625 1896 Aristippi
638 1821 728 1896 potior
739 1821 890 1877 sententia.
930 1818 1064 1893 Namque

364 1897 530 1957 Mordacem
545 1900 686 1975 Cynicum
701 1900 742 1956 sic
756 1900 897 1970 eludebat,
912 1911 943 1954 ut
957 1898 1054 1955 aiunt:

365 1983 382 2007 “
396 1979 515 2036 Scurror
526 1998 579 2055 ego
593 1979 652 2054 ipse
666 1979 746 2050 mihi,
761 1979 865 2054 populo
878 1989 925 2046 tu;
947 1977 1052 2034 rectius
1065 1977 1120 2033 hoc
1133 1986 1163 2034 et

263 2129 267 2138 ,
365 2057 547 2132 Splendidius
561 2054 650 2114 multo
665 2069 723 2113 est:
745 2076 833 2131 equus
847 2069 879 2114 ut
892 2076 938 2113 me
952 2067 1053 2132 portet,
1065 2056 1120 2114 alat
1133 2075 1193 2129 rex,

364 2136 499 2193 Officium
515 2136 603 2204 facio;
625 2147 655 2192 tu
669 2136 763 2210 poscis
777 2136 843 2192 vilia
856 2154 961 2207 rerum,

364 2214 459 2271 Dante
473 2215 575 2285 minor,
589 2215 716 2289 quamvis
730 2215 786 2271 fers
799 2226 827 2272 te
840 2215 947 2271 nullius
961 2216 1120 2289 egentem.'’

364 2293 467 2351 Omnis
481 2294 656 2368 Aristippum
671 2293 768 2350 decuit
781 2294 857 2350 color
871 2304 900 2349 et
914 2304 1002 2350 status
1016 2304 1045 2351 et
1058 2313 1113 2366 res,

365 2372 540 2430 Tentantem
554 2372 669 2448 majora,
685 2370 743 2429 fere
757 2372 945 2448 presentibus
960 2391 1080 2447 aequum.

365 2451 483 2525 Contrd,
497 2472 581 2527 quem
596 2453 703 2528 duplici
716 2472 812 2528 panno
825 2452 962 2528 patientia
976 2453 1059 2526 relat,

366 2531 500 2604 Mirabor,
516 2532 579 2590 vitae
594 2532 638 2589 via
652 2532 675 2590 si
689 2551 826 2590 conversa
840 2532 962 2589 decebit.

366 2612 446 2669 Alter
459 2631 632 2688 purpureum
647 2632 704 2669 non
718 2612 896 2687 exspectabit
909 2611 1055 2682 amictum,

364 2691 516 2753 Quidlibet
523 2692 640 2749 indutus
655 2692 839 2749 celeberrima
848 2711 899 2766 per
912 2691 975 2749 loca
989 2692 1081 2762 vadet,

365 2770 574 2846 Personamque
589 2771 659 2829 feret
673 2791 730 2829 non
745 2771 937 2828 inconcinnus
951 2781 1115 2844 utramque:

366 2849 447 2906 Alter
461 2849 554 2908 Mileti
567 2861 673 2907 textam
687 2869 758 2907 cane
772 2850 853 2926 pejus
867 2862 895 2905 et
909 2867 1003 2924 angue
1275 2849 1316 2905 3⁰

365 2929 475 2986 Vitabit
487 2930 682 3004 chlamyden13
704 2930 839 2985 morietur
851 2927 963 3003 frigore,
978 2927 1002 2983 si
1016 2946 1073 2984 non

365 3006 522 3064 Rettuleris
536 3027 678 3083 pannum:
699 3008 782 3078 refer,
796 3018 825 3064 et
838 3007 900 3062 sine
915 3006 988 3061 vivat
1002 3006 1123 3079 ineptus.

404 3085 466 3142 Res
478 3105 576 3160 gerere
591 3097 620 3142 et
633 3098 729 3160 captos
743 3086 892 3143 ostendere
907 3084 1015 3140 civibus
1030 3084 1134 3156 hostes,

365 3164 489 3238 Attingit
502 3164 602 3221 solium
616 3163 695 3221 Jovis
709 3174 737 3220 et
751 3163 877 3220 coelestia
890 3173 995 3220 tentat:

365 3242 544 3317 Principibus
557 3242 697 3317 placuisse
714 3242 789 3314 viris,
805 3261 862 3299 non
874 3242 973 3299 ultima
986 3242 1048 3299 laus
1062 3252 1114 3299 est.
1274 3244 1316 3301 35

365 3322 432 3379 Non
447 3320 536 3378 cuivis
550 3321 657 3378 bomini
671 3321 811 3397 contingit
824 3321 902 3378 adire
917 3321 1095 3378 Corinthum.

366 3400 456 3473 Sedit,
467 3400 515 3475 qui
529 3400 622 3457 timuit
636 3420 673 3458 ne
686 3421 744 3458 non
760 3403 945 3469 succederet;
967 3413 1047 3466 esto:

364 3480 466 3540 Quidl
486 3480 535 3555 qui
548 3480 686 3555 pervenit,
698 3480 802 3537 fecitne
817 3480 952 3538 viriliterl
973 3479 1062 3555 Atqui

366 3557 425 3616 llic
439 3569 491 3630 est,
506 3571 554 3616 aut
567 3579 716 3633 nusquam,
731 3560 806 3634 quod
820 3560 988 3635 quaerimus:
1010 3560 1058 3616 hic
1071 3576 1144 3615 onus
1156 3557 1263 3631 horret,

365 3638 403 3696 Ut
416 3639 507 3714 parvis
522 3637 623 3696 animis
634 3649 663 3696 et
675 3659 761 3714 parvo
775 3658 891 3714 corpore
905 3639 996 3714 majus
1008 3658 1014 3707 ;
1273 3637 1315 3696 40

366 3717 424 3774 llic
438 3718 512 3774 subit
526 3729 554 3774 et
568 3718 679 3792 perfert.
721 3720 782 3775 Aut
796 3719 883 3774 virtus
897 3736 1001 3774 nornen
1015 3715 1100 3772 inane
1114 3725 1167 3788 est,

366 3797 427 3854 Aut
440 3796 528 3853 decus
542 3807 570 3852 et
583 3797 703 3872 pretium
717 3793 795 3853 recte
810 3797 880 3871 petit
893 3795 1042 3870 experiens
1056 3795 1105 3852 vir.

405 3875 509 3933 Coram
523 3895 590 3950 rege
604 3875 655 3931 sut
669 3875 705 3931 de
718 3885 882 3950 paupertate
896 3882 1024 3930 tacentes

366 3953 435 4012 Plus
447 3964 583 4029 poscente
598 3953 695 4010 ferent.
737 3953 841 4024 Distat,
853 3971 986 4008 sumasne
998 3953 1147 4027 pudenter,

366 4034 415 4089 An
429 4032 536 4108 rapias:
559 4033 635 4107 atqui
649 4051 743 4090 rerum
757 4042 842 4106 caput
856 4032 910 4088 hoc
924 4042 993 4103 erat,
1008 4031 1056 4088 hic
1070 4031 1141 4088 fons.
1275 4030 1316 4090 45

366 4115 385 4142 ‘¹
397 4109 530 4168 Indotata
543 4111 612 4169 mihi
626 4130 703 4168 soror
717 4121 769 4183 est,
784 4111 957 4186 paupercula
972 4121 1071 4180 mater,

366 4190 404 4248 Et
418 4188 522 4249 fundus
535 4209 591 4249 nac
604 4189 763 4266 vendibilis,
778 4209 833 4248 nec
846 4209 963 4267 pascere
976 4185 1101 4263 firmus‚'’
