3084 4900
322 594 380 656 178
647 595 678 651 e.
696 594 842 643 uosauu
859 593 982 644 snaccr

360 734 414 794 Ille
428 736 543 794 Bioneis
556 738 734 795 sermonibus
747 750 776 796 et
790 738 848 795 sale
862 736 952 813 nigro.

360 814 436 873 Tres
449 816 519 872 mihi
533 817 657 874 convivae
670 815 758 893 prope
774 818 923 874 dissentire
938 816 1077 887 videntur,

359 893 516 952 Poscentes
529 896 606 954 vario
619 893 742 954 multirm
757 896 868 952 diversa
881 896 991 971 palato:

360 972 442 1035 Quid
456 973 544 1031 deml
565 976 633 1049 quid
648 995 706 1032 non
721 975 807 1031 dernl
827 975 924 1031 renuis
938 985 969 1030 tu
982 972 1059 1048 quod
1069 971 1151 1047 jubet
1164 974 1253 1044 alter;

360 1051 449 1114 Quod
462 1052 544 1128 petis,
558 1054 587 1110 id
602 1052 672 1112 sane
688 1064 730 1110 est
743 1054 866 1109 invisum
880 1052 1050 1127 acidumque
1065 1051 1183 1109 duobus.

399 1130 506 1189 Praeter
520 1142 631 1205 caetera,
646 1152 691 1189 me
702 1131 843 1190 Romaene
856 1135 990 1206 poemata
1003 1149 1104 1187 censes
1270 1132 1312 1188 (35

361 1210 493 1267 Scribere
506 1230 588 1285 posse
602 1212 675 1268 inter
686 1220 728 1268 tot
741 1229 825 1268 curas
838 1220 933 1284 totque
947 1210 1079 1266 labores?

360 1288 419 1345 Hic
433 1308 567 1365 sponsum
582 1300 672 1361 vocat,
686 1289 734 1346 hic
748 1290 875 1346 auditum
890 1289 1003 1363 scripta,
1018 1287 1124 1344 relictis

360 1366 503 1423 Omnibus
516 1366 632 1425 officiis:
653 1369 739 1425 cubat
752 1369 801 1424 hic
815 1369 845 1425 in
859 1367 931 1425 colle
945 1366 1073 1438 Quirini,

360 1445 419 1502 Hic
434 1456 560 1502 extremo
574 1448 604 1503 in
619 1448 762 1505 Aventino
770 1467 778 1517 ;
799 1448 933 1504 visendus
947 1457 1072 1520 uterque.

360 1522 512 1581 Intervalla
525 1525 603 1582 vides
617 1524 742 1583 humane
757 1522 1064 1583 commoda-verum
1270 1526 1312 1581 70

359 1602 443 1659 Pure
456 1614 523 1660 sunt
536 1604 645 1678 plateae,
660 1606 730 1662 nihil
746 1616 777 1662 ut
790 1604 993 1662 meditantibus
1006 1604 1149 1660 obstet.-

359 1680 490 1740 Festinat
503 1683 613 1740 calidus
626 1684 710 1741 mulis
724 1686 884 1760 gerulisque
898 1684 1074 1757 redemptor;

359 1758 488 1835 Torquet
501 1779 580 1819 nunc
593 1763 725 1838 lapidem,
740 1783 819 1820 nunc
833 1764 935 1839 ingens
949 1762 1081 1818 machina
1094 1762 1221 1838 tignum;

359 1837 468 1898 Tristia
481 1840 602 1899 robustis
616 1843 758 1900 luctantur
773 1843 873 1900 funera
885 1841 1031 1917 plaustris;

359 1917 427 1976 Hae
440 1918 551 1978 rabiosa
564 1921 636 1997 sugit
649 1922 739 1993 canis,
754 1922 810 1978 hac
824 1922 963 1977 lutulenta
976 1919 1032 1976 ruit
1045 1938 1109 1976 sus:
1269 1922 1311 1978 75

359 1994 374 2053 I
389 2017 477 2071 nunc,
492 2010 520 2056 et
533 2019 630 2056 versus
644 2009 740 2056 tecum
754 2002 891 2057 meditare
906 2018 1033 2055 canoros.

360 2076 537 2153 Scriptorum
551 2079 654 2135 chorus
667 2079 760 2136 omnis
775 2089 851 2136 amat
864 2097 966 2135 nemus
979 2089 1007 2134 et
1022 2076 1094 2153 sugit
1107 2077 1202 2150 urbes,

359 2152 431 2213 Rite
446 2156 535 2213 cliens
549 2157 656 2213 Bacchi
671 2176 770 2214 somno
784 2156 936 2232 gaudentis
949 2167 978 2213 et
991 2156 1109 2213 umbrat:

359 2232 409 2289 Tu
423 2252 469 2291 me
483 2234 556 2291 inter
569 2234 701 2309 strepitus
715 2246 869 2293 nocturnos
883 2245 966 2308 atque
981 2234 1097 2292 diurnos

358 2311 412 2369 vis
425 2331 538 2385 canere,
552 2323 581 2369 et
594 2324 739 2370 contracta
753 2314 832 2388 sequi
846 2312 965 2387 vestigia
978 2315 1091 2371 vatuml

359 2389 523 2468 ingenium,
538 2392 591 2448 sibi
604 2393 679 2467 quod
694 2411 798 2450 vacuas
812 2392 968 2468 desumpsit
981 2392 1122 2466 Athenas,

359 2469 398 2530 Et
410 2471 512 2528 studiis
526 2491 616 2528 annos
630 2482 738 2548 septem
753 2473 840 2545 dedit,
855 2472 1036 2546 insenuitque

359 2549 453 2607 Libris
466 2560 495 2607 et
508 2552 594 2622 curis,
608 2552 701 2609 statua
715 2552 883 2609 taciturnius
897 2551 955 2608 exit

359 2627 540 2704 Plerumque,
554 2641 584 2687 et
597 2631 656 2687 risu
668 2631 803 2707 populum
817 2631 925 2706 quatit:
949 2629 996 2687 hic
1009 2648 1073 2706 ego,
1086 2648 1181 2686 rerum

358 2708 509 2766 Fluctibus
523 2709 553 2767 in
567 2710 669 2767 mediis
683 2721 712 2767 et
725 2711 938 2785 tempestatibus
953 2709 1041 2780 urbis,

358 2787 455 2845 Verba
467 2787 535 2863 lyrae
549 2799 660 2846 motura
673 2809 774 2846 sonum
788 2801 959 2847 connectere
973 2789 1093 2863 dignerl

398 2865 498 2923 Frater
510 2878 571 2924 erat
584 2867 686 2925 Romae
701 2869 823 2926 consulti
836 2870 941 2938 rhetor,
955 2878 987 2924 ut
1001 2867 1070 2923 alter

358 2945 486 3002 Alterius
500 2965 630 3003 sermone
644 2966 736 3004 meros
750 2947 862 3003 audiret
875 2947 1012 3014 honores;

358 3025 507 3080 Gracchus
521 3036 553 3081 ut
566 3025 614 3081 hic
627 3025 668 3082 illi
683 3026 762 3096 foret,
777 3024 845 3080 huic
859 3035 890 3080 ut
903 3023 1019 3080 Mucius
1033 3023 1089 3080 ille.

357 3101 420 3163 Qut
434 3099 529 3158 minus
543 3114 656 3178 argutos
670 3113 752 3160 vexat
766 3103 842 3159 furor
857 3103 909 3158 iste
922 3103 1044 3177 pc'etasl

359 3180 495 3236 Carmina
509 3199 657 3255 compono,
673 3182 720 3237 hic
734 3180 847 3256 elegos:
868 3181 997 3237 mirabile
1011 3181 1083 3252 visu,

358 3257 552 3333 Caelatumque
567 3277 669 3315 novem
684 3259 776 3315 Musis
786 3277 866 3334 opus.
907 3260 1014 3335 Aspice
1027 3258 1151 3335 primum

354 3339 477 3399 Quanto
491 3355 558 3393 cum
573 3336 655 3409 fastu,
669 3349 775 3412 quanto
789 3338 934 3395 molimine
949 3339 1070 3395 circum·

358 3427 519 3492 spectemus
534 3433 652 3473 vacuam
666 3416 808 3474 Romanis
822 3418 931 3475 vatibus
945 3419 1043 3474 aedem.

358 3494 428 3551 Mox
441 3494 537 3566 etiam,
551 3495 575 3551 si
590 3492 661 3552 forte
677 3515 770 3568 vacas,
785 3516 912 3572 sequere,
927 3508 955 3554 et
968 3497 1066 3573 procul
1081 3497 1148 3556 audi
1196 3500 1205 3507 ’
1268 3539 1276 3556 .

357 3573 439 3636 Quid
454 3573 524 3631 ferat
538 3584 567 3630 et
580 3593 665 3648 quare
680 3575 734 3632 sibi
747 3587 844 3633 nectat
857 3587 975 3651 uterque
989 3594 1132 3634 coronam.

358 3652 514 3725 Caedimur,
528 3663 557 3710 et
570 3654 687 3711 totidem
700 3655 792 3731 plagis
805 3656 1000 3713 consumimus
1014 3656 1135 3727 hostem,

358 3730 450 3790 Lento
465 3731 608 3789 Samnites
622 3735 658 3790 ad
671 3734 780 3790 lumina
792 3734 884 3809 prima
897 3733 999 3790 duello.

358 3808 485 3869 Discedo
498 3811 614 3868 Alcaeus
627 3823 734 3888 puncto
748 3812 838 3881 illius;
859 3812 905 3868 ille
920 3830 984 3868 meo
998 3812 1081 3886 quisl

357 3888 445 3962 Quis,
458 3889 513 3946 nisi
528 3889 740 3947 Callimachusl
761 3891 785 3946 si
798 3892 861 3966 plus
875 3891 1028 3965 adposcere
1042 3891 1128 3964 visus,
1253 3893 1310 3951 100

359 3967 407 4025 Fit
420 3967 621 4041 Mimnermus,
635 3980 664 4026 et
677 3970 771 4044 optivo
782 3969 953 4044 cognomine
967 3970 1079 4027 crescit.

359 4044 453 4104 Multa
465 4048 534 4120 sero,
549 4058 581 4105 ut
593 4048 704 4123 placem
718 4066 810 4123 genus
823 4047 958 4104 irritabile
972 4058 1077 4122 vatum,

358 4125 459 4188 Quum
473 4127 566 4184 scribo
579 4137 608 4184 et
621 4126 739 4203 supplex
752 4126 849 4204 populi
863 4127 997 4204 suffragia
1010 4140 1109 4206 capto:
