3084 4900
432 629 436 638 .
526 592 726 643 CARMINUM
742 596 809 645 LIB.
827 595 876 647 111.

403 736 469 794 Nec
483 738 569 795 sumit
584 749 633 795 aut
646 739 726 814 ponit
740 758 856 797 secures

441 814 569 873 Arbitrio
581 818 723 892 popularis
738 837 822 875 aurae.

361 894 471 965 Virtus,
486 895 638 951 recludens
651 897 800 953 immeritis
811 898 883 954 mori

363 973 487 1044 Coelum,
503 974 607 1048 negatd
621 984 712 1032 tentat
725 975 778 1032 iter
793 976 858 1032 vit:

402 1052 557 1127 Coetnsque
571 1053 701 1128 vulgares
715 1066 743 1111 et
754 1056 841 1110 udam

440 1131 554 1206 Spernit
568 1133 687 1188 humum
702 1133 829 1209 fugiente
842 1134 948 1211 penult.

360 1208 413 1266 Est
426 1219 455 1266 et
468 1208 544 1266 fideli
560 1221 622 1267 tuta
637 1211 751 1269 silentio

359 1288 491 1346 Merces:
512 1290 621 1362 vetabo,
636 1291 684 1366 qui
698 1291 813 1348 Cereris
827 1308 941 1350 sacrum

399 1367 531 1442 vulgarit
545 1388 667 1441 arcanae,
682 1372 735 1426 sub
748 1369 842 1427 isdem

438 1447 483 1503 Sit
496 1448 631 1521 trabibus,
647 1449 811 1524 fragilemve
826 1469 941 1509 mecum

359 1525 455 1583 Solvat
469 1526 595 1584 faselum.
631 1526 714 1604 Saepe
730 1529 873 1605 Diespiter

360 1604 520 1680 Neglectus
534 1606 643 1664 incesto
658 1608 767 1665 addidit
781 1609 939 1684 integrum:

397 1681 478 1741 Rard
493 1687 711 1745 antecedentem
722 1688 877 1744 scelestum

437 1761 571 1820 Deseruit
583 1766 656 1840 pede
670 1764 760 1822 Poena
774 1767 885 1823 claudo.

614 2119 697 2177 ODE
717 2119 774 2177 III.

357 2239 375 2296 J
378 2258 478 2299 esron
492 2258 526 2298 ac
540 2250 672 2298 tenacem
692 2239 827 2315 propositi
841 2241 933 2298 virum

356 2318 427 2377 Non
440 2320 545 2376 civium
560 2320 642 2376 ardor
655 2338 741 2393 prava
752 2319 925 2396 jubentium,

395 2398 463 2457 Non
478 2400 571 2457 vultus
584 2398 717 2456 instantis
730 2401 844 2475 tyranni

434 2478 534 2536 Mente
549 2479 638 2553 quatit
652 2478 753 2550 solide,
767 2499 861 2555 neque
874 2481 989 2553 Auster,

355 2557 424 2617 Dux
436 2559 557 2634 inquieti
568 2557 698 2613 turbidus
712 2556 840 2632 Hadriae,

353 2636 420 2696 Nec
436 2636 612 2709 fulminantis
625 2653 730 2709 magna
743 2635 822 2691 lovis
833 2655 953 2693 manus:

395 2716 427 2773 si
442 2716 548 2772 fractus
562 2713 691 2769 illabatur
705 2713 791 2783 orbiS,

434 2793 614 2870 Impavidum
628 2792 731 2850 ferient
744 2793 843 2849 ruinae.

354 2873 422 2932 Hdc
437 2884 495 2931 arte
510 2872 619 2944 Pollux,
634 2884 662 2929 et
676 2891 764 2948 vagus
779 2873 931 2948 Hercules,

354 2953 470 3030 EnisuS,
486 2971 566 3010 arces
580 2953 672 3028 attigit
686 2952 802 3028 igneas:

392 3032 476 3094 Quos
488 3033 561 3090 inter
575 3032 725 3107 Augustus
738 3033 911 3092 recumbens

432 3113 579 3188 Purpureo
593 3111 664 3168 bibit
676 3131 725 3169 ore
739 3123 846 3170 nectar.

353 3190 420 3249 Htc
434 3203 462 3249 te
476 3203 644 3263 merentem,
659 3190 775 3248 Bacche
789 3203 878 3268 pater,
892 3196 949 3251 tuae

352 3269 467 3329 Vexdre
481 3272 578 3346 tigres,
593 3270 710 3329 indocili
721 3271 824 3347 jugum

392 3351 473 3408 Collo
487 3351 647 3409 trahentes„
674 3351 741 3407 Hac
754 3350 898 3412 Quirinus

431 3429 533 3487 Martis
553 3430 633 3504 equis
647 3430 815 3487 Acheronta
829 3431 902 3508 sugit
910 3451 919 3502 3

351 3509 472 3566 Gratum
486 3508 620 3582 eloquutd
634 3509 852 3566 consiliantibus

351 3587 468 3646 Junone
483 3587 568 3642 divis:
591 3590 608 3615 “
618 3585 702 3657 Ilion,
716 3586 791 3642 Ilion

391 3666 509 3738 Fatalis,
523 3665 705 3739 incestusque
716 3664 818 3740 judex,

430 3745 468 3803 Et
482 3744 583 3801 mulier
597 3744 756 3820 peregrina,
771 3743 854 3802 vertit

352 3824 389 3882 In
403 3825 558 3901 pulverem,
573 3844 607 3881 ex
622 3843 677 3899 quo
691 3824 820 3882 destituit
834 3825 903 3883 deos

351 3903 488 3962 Mercede
501 3904 585 3980 pactd
600 3904 774 3975 Laomedon,
789 3903 859 3961 mihi

391 3984 541 4058 Castaeque
556 3985 722 4040 damnatum
736 3983 875 4041 Minervae

430 4063 506 4120 Cum
519 4064 623 4139 populo
635 4072 664 4120 et
677 4064 752 4120 duce
766 4063 955 4121 fraudulento.

350 4142 417 4200 Jam
430 4162 486 4201 nec
500 4143 631 4200 Lacaenae
646 4142 777 4219 splendet
790 4141 925 4200 adulterae
