3084 4900
604 596 634 652 o.
653 594 801 643 nonarn
818 569 943 644 nnac‘cr

433 738 564 798 Nubium
578 749 701 798 tractus:
722 758 787 816 ego,
801 739 862 815 apis
876 737 995 797 Matinae

673 819 755 877 More
770 821 920 893 modoque,

433 899 522 957 Grata
536 900 679 976 carpentis
693 901 791 975 thyma
803 919 854 976 per
868 899 1005 956 laborem·

434 979 603 1063 Plurimum,
618 981 696 1037 cirea
710 998 813 1035 nemus
828 979 961 1053 uvidique

435 1058 553 1116 Tiburis
567 1059 642 1134 ripas
656 1077 774 1133 operosa
787 1077 892 1132 parvus

672 1137 809 1193 Carmina
823 1136 908 1212 fingo.

435 1217 580 1274 Concines
595 1215 699 1291 majore
713 1220 799 1291 poeta
811 1216 919 1290 plectro

435 1297 589 1367 Caesarem,
603 1297 772 1369 quandoque
787 1296 879 1352 trahet
893 1295 1002 1351 feroces

435 1375 490 1432 Per
501 1395 614 1431 sacrum
629 1375 742 1447 olivum,
757 1375 858 1431 merita
873 1376 994 1431 decorus

672 1453 797 1525 Fronde,
813 1454 992 1522 Sicambr0s3

347 1561 350 1566 ¹
433 1534 504 1595 Quo
517 1534 588 1591 rrihil
603 1533 694 1609 majus
709 1534 844 1591 meliusve
858 1533 940 1591 terris

436 1613 508 1671 Fata
522 1612 674 1686 donavdre,
689 1614 812 1688 bonique
826 1611 893 1685 divi,

435 1693 501 1751 Neo
515 1694 633 1765 dabunt,
648 1694 777 1768 quamvis
790 1694 909 1751 redeant
922 1692 952 1750 in
967 1710 1068 1749 aurum

673 1773 819 1848 Tempora
833 1774 967 1848 priscum.

435 1852 581 1909 Couoines
594 1852 729 1928 laetosque
743 1854 805 1911 dies
815 1864 844 1910 et
857 1853 942 1910 Urbis

436 1932 587 1989 Publioum
602 1933 711 2005 ludum,
726 1953 810 2008 super
825 1933 975 2009 impetrato

436 2011 530 2069 Fortis
545 2012 669 2086 Augusti
683 2013 786 2083 reditu,
801 2012 949 2086 forumque

673 2090 785 2146 Litibus
798 2090 908 2146 orbum.

435 2169 515 2226 Tum
529 2187 600 2225 meae
617 2166 654 2243 (si
668 2169 736 2242 quid
749 2168 847 2242 loquar
862 2170 1051 2249 audiendum)

434 2248 523 2306 Vocis
538 2249 657 2304 accedet
671 2248 745 2304 bona
759 2267 840 2322 pars3
862 2259 900 2321 et,
914 2268 931 2306 ο
946 2248 994 2305 Sol

436 2327 576 2384 Puloher!
597 2346 615 2384 o
628 2327 787 2383 laudande!
809 2346 922 2400 canam,
936 2335 1051 2404 recepto

672 2406 786 2464 Caesare
801 2406 876 2465 felix.

435 2485 540 2562 Tuque
554 2487 622 2543 dum
637 2487 777 2562 procedis,
792 2491 810 2517 “
821 2486 855 2545 Io
868 2487 1010 2563 triumphe
1020 2485 1046 2544 l”

435 2565 503 2624 Non
517 2567 604 2624 semel
618 2567 757 2639 dioemm,
774 2572 791 2596 “
802 2566 835 2625 Io
849 2569 991 2642 triumphe
1001 2567 1027 2625 l’'
1086 2618 1087 2621 ,

436 2647 545 2704 Civitas
558 2647 661 2719 omnis,
676 2647 862 2722 dabimusque
877 2647 949 2705 divis

673 2726 776 2784 Thura
788 2728 929 2804 benignis

436 2805 483 2864 Te
497 2806 598 2863 deoem
613 2807 685 2864 tauri
700 2807 875 2882 totidemque
889 2827 994 2880 vaooae,

436 2883 487 2941 Me
501 2896 582 2942 tener
596 2885 684 2942 solvet
697 2885 811 2955 vitulus,
825 2886 925 2943 relicta

436 2962 540 3035 Matre,
554 2965 602 3038 qui
616 2963 701 3038 largis
713 2963 874 3038 juvenescit
888 2964 983 3021 herbis

674 3041 709 3097 In
725 3061 790 3098 mea
803 3052 876 3113 vota,

437 3120 544 3177 Fronte
558 3131 688 3177 curvatos
703 3120 828 3177 imitatus
841 3122 922 3196 ignes

438 3199 571 3256 Tertium
586 3200 677 3256 Lunae
691 3199 844 3256 referentis
857 3211 961 3272 ortum,

436 3278 507 3340 Qua
522 3288 618 3335 notam
633 3278 714 3336 duxit
727 3278 828 3335 niveus
842 3279 942 3351 videri,

674 3358 788 3415 Caetera
801 3357 902 3416 fulvus.

701 3675 787 3735 ODE
807 3676 849 3735 II.

641 3814 681 3852 An
696 3814 916 3853 MELPOMENEN.

556 3912 654 3975 Quam
668 3924 709 3985 tu,
724 3912 916 3990 Melpomene,
930 3911 1018 3973 semel
1034 3919 1036 3922 ⁴

400 3991 575 4051 Nasoentem
589 3993 703 4068 placido
717 3992 826 4050 lumine
841 3993 954 4066 videris,

558 4070 645 4129 Illum
660 4091 718 4129 non
732 4072 811 4129 labor
826 4072 963 4130 Isthmius

400 4149 528 4209 Clarabit
541 4152 677 4228 pugilem,
692 4171 750 4209 non
764 4171 854 4226 equus
868 4152 989 4230 impiger
