3084 4900
313 606 369 669 10ss
633 608 664 665 Q.
683 606 830 655 HORATII
846 602 971 653 FLACCI

671 829 831 889 SATIRA
852 830 937 888 VIII.

348 990 432 1049 Onur
446 999 564 1049 truncus
578 1009 656 1048 eram
670 990 803 1062 ficulnus,
817 990 917 1047 inutile
931 990 1052 1065 lignum,

347 1070 450 1132 Quum
464 1070 552 1142 faber,
566 1070 693 1127 incertus
706 1088 854 1126 scamnum
870 1069 1012 1126 faceretne
1026 1069 1171 1145 Priapum,

349 1148 454 1207 Maluit
466 1168 528 1206 esse
543 1150 637 1206 deum.
671 1147 753 1204 Deus
766 1144 835 1205 inde
850 1166 913 1222 ego,
929 1148 1022 1204 furum
1037 1148 1186 1223 aviumque

349 1227 477 1286 Maxima
491 1228 626 1286 formido:
647 1246 714 1283 nam
728 1226 805 1284 fures
818 1227 918 1283 dextra
931 1230 1057 1300 coercet,

349 1308 405 1364 Ast
418 1308 593 1382 importunas
607 1306 734 1364 volucres
748 1307 779 1363 in
794 1306 898 1363 vertice
913 1307 1022 1363 arundo

349 1385 454 1443 Terret
464 1386 530 1458 fixa,
546 1395 675 1459 vetatque
689 1386 769 1443 novis
783 1385 931 1443 considere
940 1385 970 1442 in
985 1384 1081 1443 bortis.

349 1464 418 1521 Huc
430 1462 509 1540 priris
523 1466 652 1539 angustis
666 1465 759 1540 ejecta
772 1467 911 1521 cadavera
924 1465 1004 1522 cellis

348 1543 510 1602 Conservus
524 1544 572 1601 vili
585 1545 723 1619 portanda
736 1544 849 1602 locabat
862 1544 892 1601 in
907 1545 982 1601 arci.

348 1622 415 1680 IIoc
428 1624 538 1680 miserae
551 1623 628 1699 plebi
641 1625 733 1680 stabat
746 1642 898 1681 commune
912 1623 1084 1699 sepulcrum,

348 1700 504 1760 Pantolabo
518 1722 632 1775 scurrae,
647 1702 887 1778 Nomentanoque
901 1704 1005 1779 nepoti.
1263 1702 1301 1760 10

347 1779 428 1839 Mille
442 1782 529 1858 pedes
540 1782 570 1839 in
586 1782 687 1856 fronte,
701 1794 843 1841 trecentos
854 1784 953 1859 cippus
967 1782 997 1840 in
1012 1800 1111 1856 agrum

347 1860 407 1918 Hic
421 1860 506 1919 dabat
514 1882 523 1933 ;
544 1863 671 1920 hreredes
686 1873 902 1920 monumentum
917 1882 953 1919 ne
967 1870 1138 1936 sequeretur.

346 1939 435 1998 Nunc
449 1941 517 1999 licet
530 1941 664 2017 Esquiliis
678 1943 805 2000 habitare
820 1942 988 2014 salubribus,
1000 1951 1084 2016 atque

347 2020 463 2095 Aggere
478 2020 508 2077 in
522 2022 619 2096 aprico
631 2022 755 2096 spatiari,
770 2041 826 2095 quo
839 2018 924 2078 modb
940 2021 1033 2077 tristes

347 2098 431 2155 Albis
445 2099 593 2156 informem
608 2101 775 2175 spectabant
789 2100 900 2157 ossibus
912 2117 1020 2175 agrum.
1261 2097 1300 2154 15

346 2177 447 2238 Quum
461 2178 532 2235 mihi
546 2198 604 2235 non
618 2177 729 2236 tantbm
744 2179 885 2254 furesque,
900 2178 1022 2252 ferreque
1036 2180 1127 2234 sucta)

347 2251 436 2313 Hunc
449 2275 550 2314 vexare
564 2258 669 2329 locum,
683 2276 760 2314 curae
774 2268 841 2314 sunt
855 2267 938 2331 atque
951 2257 1050 2329 labori,

345 2332 498 2395 Quantum
512 2335 686 2393 carminibus
699 2356 762 2411 quae
776 2346 889 2393 versant
903 2347 985 2410 atque
1000 2335 1119 2392 venenis

346 2412 497 2473 Humanos
510 2415 635 2474 animos:
657 2416 708 2473 has
722 2412 800 2474 nullo
813 2416 931 2492 perdere
945 2434 1059 2492 possum

346 2492 376 2549 N
378 2512 413 2551 ec
426 2496 575 2571 prohibere
589 2498 683 2569 modo,
697 2497 780 2554 simul
796 2516 830 2553 ac
844 2515 915 2572 vaga
928 2496 997 2553 luna
1009 2496 1146 2552 decorum
1257 2494 1298 2553 2⁰

345 2570 464 2631 Protulit
476 2595 518 2649 os,
532 2576 601 2652 quin
615 2595 679 2633 ossa
692 2577 798 2652 legant,
813 2577 969 2652 herbasque
983 2585 1130 2633 nocentes.

385 2652 454 2711 Vidi
467 2666 580 2731 egomet
593 2656 676 2732 nigri
690 2656 867 2713 succinctam
881 2657 983 2714 vadere
996 2654 1072 2732 pallis

346 2730 509 2807 Canidiam,
522 2737 644 2811 pedibus
657 2737 742 2793 nudis
755 2756 893 2812 passoque
907 2735 1020 2812 capillo,

346 2811 421 2869 Cum
436 2815 551 2889 Saganis
565 2815 670 2891 majore
684 2815 841 2872 ululantem
854 2836 860 2884 ;
883 2816 972 2891 pallor
986 2825 1118 2888 utrasque
1323 2884 1327 2890 ²

345 2889 466 2950 Fecerat
480 2894 634 2951 horrendas
648 2905 773 2969 aspectu.
809 2894 945 2969 Scalpere
958 2904 1062 2951 terram
1258 2889 1299 2946 25

345 2967 506 3047 Unguibus
521 2986 550 3029 et
562 2973 667 3047 pullam
682 2973 815 3029 divellere
830 2969 974 3030 mordiciis
986 2988 1089 3046 agnam

345 3046 518 3125 Coeperunt:
540 3070 622 3107 cruor
637 3052 666 3108 in
683 3052 787 3109 fossam
802 3051 947 3122 confusus,
962 3060 994 3106 ut
1008 3047 1076 3106 inde

346 3130 448 3187 Manes
462 3129 608 3201 elicerent,
623 3130 733 3186 animas
747 3148 882 3204 responsa
896 3130 1020 3187 daturas.

346 3210 444 3267 Lanea
456 3216 485 3264 et
498 3207 606 3283 effigies
620 3219 691 3280 erat,
706 3208 794 3264 altera
808 3228 910 3277 cerea3
931 3209 1020 3284 major

344 3288 452 3359 Lanea,
466 3306 528 3361 quae
543 3286 634 3362 poenis
648 3298 843 3362 compesceret
858 3287 1028 3345 inferiorem.

345 3367 438 3426 Cerea
452 3365 615 3441 suppliciter
629 3367 729 3437 stabat,
744 3367 902 3439 servilibus,
917 3379 1003 3442 utque

345 3448 410 3505 Jam
424 3446 557 3523 peritura,
572 3446 671 3502 modis.
707 3445 839 3504 Hecaten
854 3458 935 3504 vocat
948 3448 1037 3504 altera
1050 3464 1165 3521 sarvam,

345 3527 445 3584 Altera
459 3524 655 3600 Tisiphonen:
677 3537 823 3601 serpentes
837 3538 919 3602 atque
934 3527 1044 3584 videres

345 3605 477 3663 Infernas
491 3625 584 3662 errare
598 3624 701 3675 canes3
723 3605 877 3681 lunamque
888 3606 1048 3678 rubentem,

344 3685 392 3742 Ne
407 3684 477 3742 foret
490 3685 534 3741 his
548 3686 637 3757 testis,
650 3696 713 3760 post
726 3705 831 3760 magna
844 3685 931 3742 latere
946 3685 1084 3760 sepulcra.
1257 3685 1297 3744 35

345 3762 470 3821 Mentior
485 3773 513 3820 at
526 3763 550 3820 si
564 3764 641 3837 quid,
656 3765 761 3821 merdis
775 3774 860 3839 caput
873 3765 1004 3838 inquiner
1018 3765 1090 3822 albis

346 3843 519 3910 Corvorum;
541 3852 624 3915 atque
639 3842 669 3898 in
681 3862 727 3899 me
741 3843 857 3899 veniant
872 3843 990 3899 mictum
1004 3855 1089 3920 atque
1102 3856 1234 3905 cacatum

346 3921 441 3978 Julius
454 3932 483 3981 et
497 3921 602 3996 fragilis
616 3920 745 3978 Pediatia
759 3921 859 3996 furque
873 3921 1014 3981 Voranus.

347 4000 467 4076 Singula
480 4001 547 4075 quid
562 4002 736 4058 memoreml
756 4020 813 4075 quo
826 4011 909 4076 pacto
920 4002 1029 4060 alterna
1041 4002 1190 4078 loquentes

349 4077 460 4137 Umbrae
474 4098 540 4135 curn
555 4079 670 4154 Sagana
685 4079 846 4137 resonarint
858 4080 937 4138 triste
950 4091 979 4138 et
993 4093 1128 4151 acutum3
1256 4085 1298 4146 40

346 4154 439 4233 thue
453 4158 511 4233 lupi
526 4159 641 4216 barbam
656 4159 740 4217 variae
754 4177 821 4216 cum
835 4162 920 4217 dente
935 4160 1059 4220 colubra
