3084 4900
649 594 679 651 Q.
697 594 844 643 HORATII
860 595 985 645 FLACCI

403 735 465 793 Nos
478 746 575 794 manet
588 738 725 796 Oceanus
739 737 848 795 circum
863 758 952 814 vagus
966 758 1050 797 arva:
1071 740 1155 799 beata

442 815 576 873 Petamus
590 835 664 888 arva,
680 817 780 873 divites
794 827 823 874 et
836 818 954 891 insulas,

403 893 513 952 Reddit
526 896 575 952 ubi
590 895 725 954 Cererem
739 896 823 954 tellus
837 898 946 954 inarata
959 897 1119 974 quotannis,

441 972 479 1031 Et
493 974 629 1050 imputata
643 973 722 1033 floret
735 992 825 1049 usque
839 976 931 1047 vinea,

401 1052 550 1110 Germinat
563 1065 592 1110 et
605 1073 750 1128 nunquam
765 1054 888 1111 fallentis
902 1065 1007 1111 termes
1019 1055 1110 1129 olivoe,

441 1130 585 1207 Suamque
598 1132 676 1207 pulla
690 1132 760 1189 ficus
774 1144 856 1189 ornat
870 1133 1008 1206 arborem,

402 1207 490 1267 Mella
504 1212 573 1268 card
587 1221 704 1268 manant
717 1230 754 1268 ex
768 1211 845 1282 ilice,
859 1213 1003 1269 montibus
1017 1212 1081 1270 altis

440 1287 525 1345 Levis
539 1300 672 1365 crepante
686 1289 802 1365 lympha
814 1291 908 1347 desilit
920 1292 1002 1366 pede.

400 1364 465 1423 Illic
478 1368 592 1443 injussae
606 1369 724 1426 veniunt
738 1370 774 1425 ad
789 1369 909 1426 mulctra
922 1369 1048 1445 capellae,

440 1445 596 1521 Refertque
610 1458 690 1504 tenta
703 1467 772 1523 grex
786 1448 895 1504 amicus
908 1449 1012 1518 ubera3

400 1524 466 1581 Nec
479 1526 655 1601 vespertinus
669 1526 867 1602 circumgemit
880 1546 963 1584 ursus
976 1528 1060 1601 ovile,

438 1602 504 1661 Nec
519 1606 685 1663 intumescit
698 1606 755 1663 alta
768 1606 870 1682 viperis
884 1607 989 1663 humus
997 1626 1004 1677 ;

399 1682 429 1739 N
432 1681 488 1739 ulla
501 1695 606 1742 nocent
620 1685 715 1761 pecori
729 1685 871 1759 contagia,
885 1686 991 1743 nullius
1007 1685 1074 1743 astri

438 1760 565 1839 Gregem
581 1776 701 1822 aestuosa
714 1775 801 1821 torret
815 1765 987 1841 impotentia.

399 1844 539 1919 Pluraque
553 1843 650 1900 felices
664 1845 847 1912 mirabimur3
869 1855 900 1900 ut
914 1863 1006 1918 neque
1016 1843 1103 1921 largis

438 1926 571 1999 Aquosus
585 1922 678 1979 Eurus
693 1943 758 1980 arva
772 1924 852 1979 radat
867 1923 1013 1995 imbribus,

398 2002 520 2080 Pinguia
533 1993 588 2059 nec
602 2002 686 2058 siccis
700 2012 818 2057 urantur
832 2002 941 2057 semina
954 2002 1055 2077 glebiS,

437 2082 594 2154 Utrumque
609 2099 675 2155 rege
690 2091 866 2154 temperante
881 2081 1015 2137 coelitum.

397 2161 465 2218 Non
480 2162 537 2217 huc
552 2160 649 2233 Argoo
663 2159 810 2214 contendit
823 2159 930 2233 remige
943 2160 1039 2235 pinus,

438 2239 539 2313 Neque
550 2237 694 2311 impudica
708 2236 824 2294 Colchis
838 2237 933 2293 intulit
945 2239 1064 2313 pedem3

397 2317 428 2375 N
429 2337 467 2375 on
482 2319 538 2374 huc
553 2315 664 2373 Sidonii
679 2326 821 2373 torserunt
834 2334 942 2373 cornua
955 2328 1060 2390 nautae,

435 2396 589 2455 Laboriosa
603 2413 657 2452 nec
671 2396 772 2453 cohors
786 2394 914 2470 Ulyssei:

396 2475 507 2553 Jupiter
521 2476 569 2534 illa
582 2475 635 2551 piae
650 2475 769 2532 secrevit
782 2474 876 2531 littora
888 2475 977 2550 genti,

435 2556 474 2614 Ut
487 2555 644 2630 inquinavit
659 2574 714 2610 aere
727 2566 839 2630 tempus
853 2574 987 2625 aureum;

396 2635 476 2707 AEre‚
491 2635 596 2692 dehinc
611 2634 684 2692 ferro
697 2635 808 2691 duravit
821 2635 936 2707 saecula,
950 2653 1070 2710 quorum

435 2714 495 2773 Piis
508 2715 645 2787 secunda,
660 2724 722 2770 vate
737 2733 793 2787 me,
809 2714 891 2771 datur
905 2714 980 2790 suga.

660 2929 958 2938 ——n

722 3068 807 3126 ODE
826 3068 900 3126 XII.

703 3205 743 3244 AD
758 3206 918 3246 camimum.

737 3335 882 3368 nolemus.

473 3421 491 3479 J
494 3441 538 3479 mu
549 3421 607 3498 jam
619 3421 728 3479 efficaci
742 3424 780 3480 do
793 3442 896 3480 manus
910 3422 1067 3492 scientiae3=

474 3503 601 3579 Supplex
614 3514 643 3559 et
656 3522 705 3560 oro
718 3523 807 3579 regna
820 3523 870 3579 per
884 3503 1072 3577 Proserpina,

472 3582 527 3639 Per
538 3594 567 3639 et
581 3581 683 3640 Dianae
697 3602 755 3640 non
769 3583 910 3640 movenda
929 3581 1058 3652 numina,

472 3661 527 3718 Per
542 3673 626 3736 atque
639 3662 726 3720 libros
741 3663 901 3720 carminum
916 3660 1071 3719 valentium

472 3740 576 3797 Refixa
590 3741 662 3798 coelo
676 3743 813 3798 devocare
828 3742 929 3811 sidera,

473 3819 605 3891 Canidia,
619 3839 705 3895 parce
720 3820 837 3877 vocibus
850 3820 966 3876 taudem
980 3818 1079 3890 sacris,

473 3898 625 3972 Citumque
640 3910 714 3956 retro
729 3899 815 3969 solve,
830 3899 916 3966 solve,
931 3897 1084 3955 turbinem.

474 3976 564 4035 Movit
578 3987 709 4052 nepotem
724 3977 872 4052 Telephus
885 3975 915 4032 N
917 3979 1037 4048 ereium,

472 4054 508 4112 In
522 4075 606 4131 quem
620 4056 757 4131 superbus
771 4057 916 4113 ordinarat
931 4056 1046 4130 agmina

473 4133 631 4210 Mysorum,
645 4145 674 4192 et
688 4135 718 4193 iu
732 4155 816 4211 quem
831 4136 887 4194 tela
901 4145 986 4192 acuta
999 4143 1127 4213 torserat.
