3084 4900
635 625 784 675 CARMEN
803 625 1004 676 SAECULARE.

484 768 609 828 Condito
622 768 698 827 mitis
711 768 898 845 placidusque
912 770 968 828 telo

485 849 635 925 Supplices
648 849 716 907 audi
728 868 841 924 pueros,
856 849 977 924 Apollo:

485 929 618 986 Siderum
632 929 731 1005 regina
745 928 880 999 bicornis,
895 927 973 1000 audi,

721 1006 815 1077 Luna,
829 1006 946 1081 puellas.

484 1085 580 1144 Roma
594 1086 617 1142 si
632 1097 755 1143 vestrum
769 1096 813 1141 est
826 1103 907 1159 opus,
921 1082 1039 1161 Iliaeque

484 1164 577 1223 Littus
591 1164 744 1221 Etruscum
758 1161 877 1220 tenuere
891 1173 1001 1236 turmas,

484 1244 570 1301 Jussa
582 1261 647 1319 pars
661 1251 771 1299 mutare
785 1241 873 1298 Lares
886 1252 915 1299 et
928 1243 1029 1300 urbem

721 1321 833 1396 Sospite
847 1339 943 1392 cursu,

484 1400 541 1458 Cui
554 1420 604 1476 per
618 1399 766 1457 ardentem
781 1400 843 1456 siue
858 1399 956 1456 fraude
970 1397 1089 1476 Trojam

483 1479 588 1536 Castus
602 1478 721 1550 AEneas,
735 1479 833 1554 patrie
847 1488 1000 1554 superstes,

483 1557 619 1616 Liberum
632 1558 753 1615 munivit
767 1558 830 1630 iter,
845 1558 961 1615 daturus

720 1637 806 1694 Plura
819 1637 942 1694 relictis:

483 1714 533 1789 Di,
546 1716 649 1793 probos
662 1734 755 1773 mores
769 1716 855 1774 docili
866 1716 1002 1792 juvente,

484 1794 534 1869 Di,
553 1796 694 1854 senectuti
706 1795 827 1872 placidae
841 1796 976 1871 quietem,

484 1874 618 1933 Romulae
632 1875 712 1953 genti
726 1876 922 1951 datoremque
936 1875 1100 1953 prolemque

721 1953 760 2012 Et
772 1955 862 2012 decus
875 1973 969 2013 omne.

483 2032 616 2108 Quaeque
627 2053 676 2091 vos
689 2033 781 2090 bobus
794 2043 943 2091 veneratur
957 2032 1029 2090 albis

484 2111 586 2169 Clarus
600 2112 737 2169 Anchisae
751 2112 929 2186 Venerisque
944 2112 1070 2188 sanguis,

483 2188 629 2266 Impetret,
644 2189 767 2247 bellante
781 2191 866 2266 prior,
877 2191 1022 2267 jacentem

720 2267 809 2327 Lenis
822 2269 852 2326 in
867 2270 986 2327 hostem.

483 2344 503 2403 J
504 2366 550 2403 am
564 2347 635 2405 mari
649 2346 780 2423 terraque
793 2367 895 2405 manus
908 2358 1039 2425 potentes

483 2422 588 2486 Medus
602 2427 786 2504 Albanasque
800 2428 881 2487 timet
894 2447 1027 2487 secures:

483 2503 550 2564 Jam
565 2508 678 2584 Scythae
692 2527 829 2584 responsa
840 2519 951 2584 petunt,
965 2507 1080 2586 superbi

718 2585 830 2664 Nuper,
841 2599 870 2646 et
883 2587 960 2647 Indi.

483 2662 503 2721 J
504 2685 549 2724 am
563 2667 660 2740 Fides,
674 2678 703 2724 et
717 2666 787 2741 Pax,
801 2680 831 2726 et
843 2667 955 2741 Houor,
969 2668 1120 2744 Pudorque

487 2746 612 2820 Priscus,
626 2758 655 2805 et
668 2746 801 2822 neglecta
813 2743 906 2806 redire
920 2749 1020 2806 Virtus

484 2827 583 2885 Audet
591 2847 598 2897 ;
620 2835 793 2902 apparetque
808 2827 890 2884 beata
902 2826 988 2903 pleno

722 2905 815 2980 Copia
828 2923 927 2962 cornu.

484 2986 586 3060 Augur
600 2993 629 3040 et
642 2981 768 3058 fulgente
782 2983 904 3040 decorus
918 3002 987 3041 arcu

484 3063 619 3135 Phoebus‚
634 3071 823 3138 acceptusque
837 3080 939 3119 novem
953 3061 1110 3134 Camoenis,

482 3141 545 3203 Qui
559 3141 675 3198 salutari
688 3141 764 3197 levat
778 3151 837 3196 arte
852 3140 941 3198 fessos

720 3217 855 3294 Corporis
868 3229 956 3291 artus,

484 3299 517 3360 si
530 3297 674 3356 Palatinas
686 3296 763 3355 videt
777 3316 875 3372 aequus
889 3317 967 3368 aras3

484 3377 618 3452 Remque
631 3377 794 3434 Romanam
808 3376 978 3452 Latiumque
993 3377 1060 3435 selix

485 3457 618 3515 Alterum
631 3455 661 3513 in
674 3455 795 3513 lustrum
809 3457 966 3533 meliusque
979 3475 1092 3534 semper

721 3535 858 3612 Proroget
871 3555 971 3594 aevum.

419 3679 421 3686 ,
485 3616 618 3692 Quaque
633 3615 809 3674 Aventinum
823 3626 903 3674 tenet
915 3615 1121 3691 Algidumque,

484 3696 662 3758 Quindecim
675 3694 770 3753 Diana
783 3713 883 3771 preces
896 3695 1020 3752 virorum

469 3788 473 3794 ·
486 3774 585 3847 Curet,
599 3785 629 3832 et
641 3775 714 3832 votis
726 3792 878 3850 puerorum
893 3773 1001 3830 amicas

723 3852 859 3928 Applicet
872 3870 963 3910 aures.

487 3930 561 3988 Haec
574 3929 675 3990 Jovem
689 3931 795 3989 sentire
809 3931 933 4006 deosque
947 3940 1069 3988 cunctos

486 4010 574 4086 Spem
587 4011 692 4068 bonam
706 4020 868 4084 certamque
882 4010 998 4068 domum
1011 4019 1134 4088 reporto,

486 4088 597 4148 Doctus
609 4100 639 4147 et
651 4088 751 4146 Phoebi
766 4089 871 4146 chorus
884 4100 914 4147 et
926 4089 1029 4147 Dianae

722 4166 828 4226 Dicere
842 4168 950 4228 laudes.
