3084 4900
330 654 386 711 102
654 652 685 708 Q·
703 650 849 699 HORATll
866 650 990 699 FLACCI

365 793 509 867 Pomisne,
523 814 560 851 an
573 795 670 871 pratis,
685 814 721 853 an
736 794 841 852 amicta
854 794 957 852 vitibus
969 793 1063 865 ulm03

366 874 512 931 Scribetur
526 875 577 932 tibi
593 875 681 932 forma
692 874 845 949 loquaciter
858 886 887 931 et
900 874 972 931 situs
985 873 1054 949 agri.

405 952 543 1011 Continui
557 954 747 1025 montesfnisi
761 953 950 1010 dissocientur
963 952 1054 1027 opacis

367 1031 469 1101 Valle3
491 1034 540 1088 sed
555 1044 587 1089 ut
600 1032 718 1088 veniens
732 1033 865 1089 dextrum
879 1032 953 1087 latus
967 1030 1086 1106 aspiciat
1099 1030 1150 1104 sol,

368 1108 485 1167 Laevum
499 1111 642 1167 decedens
656 1129 742 1167 curru
757 1109 884 1184 fugiente
898 1120 1020 1184 vaporet.

367 1188 551 1265 Temperiem
565 1190 673 1246 laudes
714 1189 807 1259 Quid,
821 1188 845 1244 si
860 1188 1020 1245 rubicunda
1034 1184 1160 1263 benign&

367 1267 464 1325 Corna
477 1287 575 1343 vepres
589 1279 617 1324 et
631 1286 722 1343 pruna
736 1268 853 1323 feruntl
875 1268 898 1323 si
912 1285 1034 1341 quercus
1048 1279 1078 1323 et
1090 1266 1147 1323 ilex

367 1344 461 1402 Multis
471 1347 551 1420 fruge
564 1365 661 1421 pecus,
676 1346 765 1402 multat
780 1346 926 1402 dominum
938 1344 1017 1420 juvat
1031 1345 1155 1402 umbral

366 1422 455 1481 Dicas
469 1425 623 1480 adductum
636 1422 752 1499 propius
766 1425 897 1481 frondere
911 1423 1080 1481 Tarentum.

367 1502 444 1559 Fons
458 1503 553 1574 etiam,
567 1504 626 1560 rivo
640 1505 707 1560 dare
722 1522 827 1560 nomen
842 1503 972 1574 idoneus,
986 1514 1018 1560 ut
1030 1522 1088 1559 nec

367 1581 508 1656 Frigidior
522 1582 667 1638 Thracam
683 1601 738 1638 nec
752 1582 847 1657 purior
862 1582 969 1639 ambiat
982 1582 1108 1654 Hebrus,

367 1658 484 1717 Infirmo
498 1662 584 1736 capiti
599 1660 661 1717 fluit
675 1661 761 1735 utilis,
777 1661 854 1718 utilis
868 1661 940 1718 alvo.

367 1739 422 1795 Hae
436 1739 550 1797 latebrae
565 1740 673 1812 dulceS,
688 1741 798 1816 etjam,
813 1740 837 1796 si
852 1740 955 1812 credis,
970 1757 1099 1811 amoenae,

366 1816 543 1876 Incolumem
564 1820 616 1877 tibi
629 1839 675 1877 me
690 1830 825 1896 praestant
839 1818 1046 1895 septembribus
1060 1817 1144 1876 horis.

405 1897 455 1954 Tu
469 1896 546 1956 rectd
561 1900 639 1971 vivis,
654 1899 678 1955 si
692 1918 777 1956 curas
790 1918 853 1956 esse
867 1899 942 1973 quod
957 1897 1055 1953 audis:

365 1975 385 2031 J
386 1987 514 2033 actamus
525 1978 694 2054 jampridem
707 1979 801 2035 omnis
815 1989 842 2034 te
857 1977 953 2034 Roma
967 1976 1090 2033 beatum.

366 2056 425 2111 Sed
440 2075 536 2113 vereor
551 2076 588 2113 ne
603 2057 650 2113 cui
664 2057 699 2112 de
714 2067 742 2113 te
756 2054 821 2131 plris
835 2054 920 2131 qualm
934 2055 986 2112 tibi
999 2055 1100 2112 credas
1108 2074 1117 2125 3

366 2132 447 2191 Neve
460 2145 542 2209 putes
557 2135 643 2191 alium
659 2135 787 2209 sapiente
801 2136 931 2209 bonoque
945 2135 1077 2204 beatum3

365 2210 442 2283 Neu,
457 2213 480 2268 si
491 2225 518 2269 te
532 2214 652 2289 populus
666 2232 767 2268 sanum
781 2211 916 2287 recteque
930 2213 1071 2269 valentem

365 2288 494 2363 Dictitet,
509 2294 650 2349 occultam
666 2292 773 2347 febrem
788 2292 841 2348 sub
854 2303 966 2367 tempus
981 2292 1086 2349 edendi

364 2366 543 2442 Dissimules,
557 2372 649 2428 donec
663 2371 795 2427 manibus
808 2381 911 2427 tremor
925 2371 1033 2428 incidat
1045 2368 1147 2428 unctis.

365 2450 521 2508 Stultorum
536 2451 665 2508 incurata
677 2453 767 2526 pudor
782 2450 874 2507 malus
888 2451 985 2509 ulcera
1000 2450 1083 2509 celat.

366 2529 399 2585 Si
413 2530 475 2606 quis
489 2530 563 2587 bella
577 2531 628 2588 tibi
642 2532 718 2587 terrai
731 2541 857 2606 pugnata
870 2531 997 2605 marique

365 2606 461 2682 Dicat,
475 2620 504 2667 et
517 2610 561 2666 his
575 2611 668 2668 verbis
679 2629 783 2667 vacuas
797 2611 972 2686 permulceat
985 2627 1078 2681 aures,

366 2688 477 2746 “Tene
491 2687 582 2765 magis
597 2690 704 2747 salvum
718 2691 839 2766 populus
852 2690 928 2761 velit,
943 2708 979 2746 an
993 2688 1127 2765 populum
1141 2696 1182 2760 tu,

365 2768 466 2825 Servet
479 2768 508 2825 in
523 2769 665 2846 ambiguo,
679 2770 728 2843 qui
742 2769 865 2826 consulit
878 2780 907 2826 et
919 2768 971 2825 tibi
985 2779 1013 2825 et
1027 2766 1100 2840 urbi,

365 2845 477 2922 Jupiter
485 2848 513 2918 ;”
529 2849 653 2923 Augusti
667 2847 767 2905 laudes
781 2866 937 2922 agnoscere
951 2847 1049 2922 possis.

364 2925 466 2985 Quum
479 2926 584 3000 pateris
598 2928 710 3002 sapiens
724 2926 948 2999 emendatusque
962 2925 1066 2995 vocari,
1276 2925 1316 2984 30

366 3003 574 3079 Respondesne
588 3016 646 3077 tuo,
661 3006 708 3061 dic
722 3004 814 3074 sodes,
828 3005 943 3060 nomine
954 3002 1121 3078 l-Nempe

343 3136 350 3149 ,
365 3082 417 3139 Vir
433 3084 522 3138 bonus
536 3094 564 3139 et
576 3086 701 3158 prudens
715 3081 774 3138 dici
788 3081 1035 3156 delector-Ego,
1050 3094 1138 3138 actu.

364 3159 426 3220 Qui
441 3161 519 3217 dedit
533 3162 588 3218 hoc
602 3162 695 3232 hodie,
711 3178 784 3231 cras,
799 3161 823 3216 si
836 3161 920 3232 volet,
935 3160 1061 3231 auseret3
1083 3172 1124 3234 ut,
1138 3159 1163 3218 si

365 3237 507 3296 Detulerit
520 3240 611 3297 fasces
625 3239 752 3313 indigno,
767 3239 896 3295 detrahet
910 3239 995 3295 idem.

319 3372 320 3375 ,
366 3322 384 3348 “
394 3317 483 3390 Pone,
496 3337 592 3374 meum
607 3320 676 3390 est,”
693 3317 807 3391 inquit‘
833 3317 923 3390 P0n0‚
939 3317 1080 3393 tristisque
1094 3318 1205 3376 recedo.
1273 3320 1315 3378 35

365 3395 448 3454 Idem
462 3396 486 3453 si
500 3398 604 3454 clamet
618 3397 718 3468 furem,
732 3408 819 3472 neget
831 3416 894 3454 esse
908 3397 1055 3473 pudicum,

365 3475 527 3534 Contendat
540 3477 640 3552 laqueo
654 3477 759 3534 collum
772 3477 908 3551 pressisse
921 3487 1070 3552 paternum
1081 3495 1087 3545 ;

365 3552 498 3613 Mordear
512 3556 668 3632 opprobriis
683 3557 768 3628 salsis,
783 3568 924 3613 mutemve
938 3556 1083 3613 coloreml

365 3634 467 3692 Falsus
479 3636 569 3693 honor
580 3636 659 3711 juvat.
672 3646 700 3692 et
713 3636 837 3692 mendax
850 3635 967 3692 infamia
981 3644 1067 3691 terret

363 3712 472 3784 Quem,
492 3714 548 3771 nisi
575 3716 744 3772 mendosum
764 3724 793 3770 et
820 3713 1045 3770 medicanduml
1085 3711 1137 3770 Vir
1157 3711 1249 3770 bonus
1269 3724 1316 3773 est

404 3792 488 3867 quisl
1272 3794 1315 3852 110

363 3870 426 3930 Qui
440 3871 568 3928 consulta
581 3881 701 3946 patrum,
713 3869 760 3946 qui
774 3870 852 3945 leges
863 3869 983 3945 juraque
997 3881 1108 3941 servat3

363 3948 433 4008 Quo
446 3950 541 4007 multae
555 3968 721 4025 magnaeque
735 3961 867 4006 secantur
877 3948 975 4024 judice
988 3949 1052 4007 lites
1060 3970 1069 4020 ;

363 4027 434 4087 Quo
447 4048 492 4085 res
506 4048 639 4105 sponsore
653 4040 682 4085 et
695 4046 751 4102 quo
764 4046 859 4084 causae
873 4040 944 4084 teste
959 4038 1100 4086 tenentur.

364 4105 422 4162 Sed
438 4107 514 4164 videt
527 4108 604 4163 hunc
617 4106 710 4164 omnis
725 4107 826 4164 domus
839 4118 868 4164 et
881 4106 985 4164 vicinia
998 4119 1057 4165 tota

364 4183 520 4242 Introrsum
534 4197 653 4262 turpem,
668 4186 828 4263 speciosum
842 4186 915 4264 pelle
929 4187 1042 4244 decora.
