3084 4900
535 655 784 705 EPISTOLARUM
801 658 867 706 LIB.
885 658 963 722 1.,17.
1180 665 1237 721 163

286 803 305 830 “
317 798 383 856 Nec
398 798 502 856 furtum
518 799 583 873 feci,
598 819 653 857 nec
668 801 755 876 fugi,’'
771 800 796 857 si
811 801 880 858 mihi
894 802 971 860 dicat

286 880 409 935 Servus:
433 884 451 909 “
467 879 566 935 Habes
579 881 710 955 pretium,
725 881 792 937 loris
806 900 863 938 non
878 882 996 953 ureris,”
1012 882 1064 939 aio.

284 956 384 1014 “Non
398 958 542 1014 hominem
557 959 678 1015 occidi.''
721 964 740 989 “
754 958 784 1015 N
786 979 823 1016 on
836 979 937 1035 pasces
950 962 981 1017 in
995 979 1081 1018 cruce
1095 965 1221 1020 corvos.''

284 1040 302 1067 “
320 1038 390 1093 Sum
404 1038 495 1093 bonus
506 1049 535 1094 et
549 1037 651 1112 frugi.”
693 1038 806 1095 Renuit
819 1051 906 1114 negat
919 1052 1002 1113 atque
1015 1040 1163 1099 Sabellus:

285 1115 426 1173 “Cautus
440 1117 517 1172 enim
531 1117 633 1174 metuit
648 1116 755 1174 foveam
769 1118 862 1192 lupus,
877 1118 1068 1194 accipiterque
1196 1122 1235 1178 50

285 1195 439 1270 Suspeotos
452 1194 576 1269 laqueos,
591 1207 619 1253 et
632 1207 761 1271 opertum
776 1197 880 1253 miluus
894 1198 1018 1256 hamum.

284 1272 418 1330 Oderunt
431 1293 550 1348 peccare
565 1275 631 1331 boni
646 1274 755 1332 virtutis
770 1295 865 1333 amore
877 1295 884 1345 ;

284 1351 333 1408 Tu
347 1353 417 1409 nihil
433 1353 565 1410 admittes
579 1354 609 1411 in
622 1366 650 1410 te
666 1354 816 1411 formidine
830 1374 931 1429 poenae.

284 1431 329 1488 Sit
344 1451 407 1506 spes
422 1431 547 1503 fallendi,
562 1433 696 1490 miscebis
710 1452 792 1490 sacra
804 1433 937 1509 profanis,

283 1509 360 1567 Nam
375 1513 410 1568 de
425 1512 502 1567 mille
516 1511 588 1567 sabae
603 1513 704 1569 modiis
718 1532 805 1586 quum
820 1513 936 1588 surripis
950 1532 1050 1585 unum,
1195 1516 1234 1572 55

283 1589 429 1646 Damnum
442 1601 494 1661 est,
509 1609 567 1647 non
582 1590 702 1663 facinus,
717 1592 786 1647 mihi
801 1603 884 1666 pacto
897 1592 990 1648 lenius
1004 1593 1084 1649 isto.''

283 1669 336 1725 Vir
350 1670 451 1741 bonus,
465 1689 550 1726 omne
565 1670 656 1726 forum
671 1689 756 1744 quem
771 1681 880 1745 spectat
893 1682 922 1728 et
935 1689 1021 1728 omne
1034 1672 1167 1743 tribunal,

282 1748 524 1822 Quandocunque
538 1748 607 1805 deos
621 1749 664 1805 vel
679 1768 765 1845 porco
779 1749 822 1805 vel
838 1750 907 1805 bove
920 1750 1023 1824 placat,

283 1831 301 1856 ‘⁶
314 1825 387 1884 Jane
401 1830 498 1905 pater}¹
514 1826 601 1898 clare,
616 1828 693 1884 clarc
707 1846 795 1901 quum
810 1828 880 1886 dixit
894 1833 912 1858 ‘⁶
928 1829 1066 1903 Apolio”;

283 1905 377 1963 Labra
391 1917 494 1977 movet,
508 1918 639 1963 metuens
654 1907 763 1963 audiri:
787 1911 804 1936 ‘⁴
820 1907 943 1964 Pulchra
957 1907 1096 1979 Laverna,
1195 1908 1234 1965 60

283 1985 330 2042 Da
342 1985 413 2041 mihi
428 1985 534 2056 fallere,
549 1986 586 2042 da
597 1986 706 2061 justum
720 1996 906 2061 sanctumque
920 1985 1008 2043 videri

283 2063 407 2122 Noctem
421 2065 546 2139 peccatis
560 2076 589 2122 et
603 2064 749 2121 fraudibus
762 2064 856 2141 objice
871 2065 1005 2121 nubem.''

282 2143 345 2205 Qui
359 2144 457 2201 melior
472 2163 561 2216 servo,
576 2143 625 2219 qui
638 2144 753 2201 liberior
767 2145 803 2200 sit
817 2155 927 2217 avarus,

284 2221 320 2279 In
334 2223 422 2280 triviis
436 2222 523 2279 fixum
538 2242 623 2297 quum
639 2243 670 2280 se
684 2223 807 2281 demittit
819 2224 856 2281 ob
867 2243 969 2296 assem,

282 2302 350 2359 Non
364 2302 462 2360 video:
484 2322 550 2359 nam
564 2303 612 2377 qui
626 2304 732 2378 cupiet,
744 2314 852 2359 metuet
865 2322 992 2378 quoque;
1012 2298 1107 2379 porro,
1193 2304 1233 2359 65

281 2382 344 2443 Qui
358 2393 488 2439 metuens
502 2382 577 2454 vivit,
592 2383 662 2438 liber
677 2382 747 2438 mihi
761 2401 819 2439 non
833 2382 887 2439 erit
900 2400 1034 2457 unquam.

281 2461 410 2520 Perdidit
424 2481 511 2534 arma,
525 2462 620 2519 locum
635 2461 744 2518 virtutis
759 2461 894 2534 deseruit,
908 2463 957 2536 qui

283 2541 403 2616 Semper
416 2542 446 2598 in
461 2540 593 2615 augendi
608 2541 721 2597 festinat
734 2551 763 2596 et
773 2541 900 2597 obruitur
913 2559 953 2597 re.

281 2620 416 2677 Vendere
430 2638 517 2694 quum
530 2618 621 2694 possis
636 2618 789 2693 captivum,
802 2619 934 2675 occidere
957 2618 1015 2676 noli
1027 2637 1034 2675 :

282 2700 393 2757 Serviet
406 2699 529 2755 utiliter:
551 2698 612 2753 sine
625 2708 723 2772 pascat
737 2698 825 2753 durus
839 2708 970 2771 aretque;
1194 2698 1233 2753 70

280 2776 405 2854 Naviget
421 2797 455 2835 ac
469 2777 570 2833 mediis
585 2776 691 2833 hiemet
705 2789 844 2833 mercator
855 2776 885 2832 in
900 2776 984 2833 undis
992 2795 1000 2847 ;

281 2858 415 2914 Annonae
428 2857 516 2933 prosit
527 2876 533 2925 ;
554 2867 645 2931 portet
659 2855 801 2913 frumenta
813 2874 966 2931 penusque

320 2937 373 2994 Vir
387 2938 479 2993 bonus
490 2946 518 2993 et
532 2936 644 3011 sapiens
658 2935 774 2992 audebit
788 2935 904 3013 dicere:
927 2938 944 2964 ‘⁶
955 2934 1095 3007 Pentheu,

281 3014 391 3073 Rector
406 3015 582 3085 Thebarum,
596 3014 664 3088 quid
679 3033 725 3070 me
738 3014 863 3088 perferre
876 3014 990 3090 patique

281 3093 438 3170 Indignum
461 3113 546 3170 coges
557 3095 587 3150 t”
629 3092 799 3150 “Adimam
821 3094 923 3150 bona.''
965 3092 1111 3170 “Nempe
1132 3115 1230 3172 pectre,

363 3193 432 3245 rem,
1192 3176 1231 3233 75

281 3251 394 3324 Lectos,
409 3263 572 3327 argentum:
594 3252 675 3310 tollas
688 3251 783 3309 licet.”
825 3255 844 3282 “
859 3250 895 3308 In
909 3252 1030 3309 manicis
1043 3263 1073 3312 et

282 3331 476 3408 Compedibus
491 3350 564 3388 saevo
578 3342 606 3388 te
621 3331 674 3386 sub
688 3332 806 3388 custode
820 3331 952 3388 tenebo.”

281 3415 300 3442 “
316 3409 382 3486 Ipse
396 3412 476 3481 deus,
491 3410 574 3466 simui
590 3421 672 3484 atque
686 3410 788 3480 volam,
802 3428 848 3465 me
862 3409 976 3467 solvet.''
1018 3408 1138 3485 Opinor,

281 3489 348 3548 Iloc
361 3489 456 3562 sentit,
471 3493 489 3519 “
502 3487 626 3545 Moriar”
637 3508 644 3558 3
665 3507 741 3544 mors
755 3487 855 3544 ultima
868 3488 945 3544 linea
957 3507 1052 3545 rerum
1066 3500 1121 3545 est.

578 3802 784 3861 EPISTOLA
794 3801 895 3861 XVII.

646 3941 686 3980 An
701 3941 835 3982 SCAEVAM.

281 4044 436 4114 Qunuvrs,
451 4042 561 4114 Scaeva,
574 4038 643 4099 satis
656 4061 706 4117 per
717 4052 745 4099 te
759 4041 811 4099 tibi
825 4041 960 4113 consulis,
974 4053 1004 4101 et
1016 4042 1074 4102 scis

280 4124 352 4184 Quo
364 4121 479 4179 tandem
493 4132 577 4198 pacto
591 4121 691 4177 deceat
702 4121 855 4196 majoribus
865 4121 916 4192 uti,

282 4202 382 4276 Disco,
395 4201 543 4258 docendus
556 4200 660 4272 adhuc,
674 4217 737 4276 quae
751 4211 850 4257 censet
863 4200 1003 4258 amiculus
1014 4221 1021 4272 ;
1042 4212 1075 4261 ut
1087 4202 1112 4261 si
