3084 4900
359 932 408 1023 Q.
448 930 727 1005 HORATII
767 930 1008 1006 FLACCI

428 1142 430 1144 ’
525 1177 844 1245 canulnutr

525 1420 630 1468 LIBER
645 1420 840 1471 SECUNDUS.

618 1865 702 1923 ODE
723 1866 746 1922 Ι.

499 2001 540 2042 AD
553 2003 681 2043 astruunt
694 2003 876 2044 romum.

349 2103 467 2164 Momm
480 2121 517 2160 ex
529 2102 647 2161 Metello
657 2102 775 2162 consule
788 2103 921 2179 civicum,

350 2185 477 2258 Bellique
491 2201 601 2255 causas,
616 2195 645 2240 et
658 2185 734 2255 vitia,
748 2193 778 2239 et
791 2184 900 2256 modos,

389 2263 559 2337 Ludumque
573 2261 718 2334 Fortunae,
733 2280 889 2339 gravesque

428 2341 593 2417 Principum
607 2342 755 2412 amicitias,
769 2351 798 2397 et
811 2360 890 2399 arma

349 2420 486 2479 Nondum
499 2420 618 2496 expiatis
632 2432 719 2478 uncta
731 2420 890 2494 cruoribus,

349 2500 519 2559 Periculosae
532 2499 648 2574 plenum
661 2519 732 2573 opus
743 2499 823 2570 aleae,

390 2579 523 2648 Tramas,
537 2588 566 2634 et
579 2578 689 2633 incedis
701 2596 751 2650 per
762 2577 844 2650 ignes

429 2655 596 2730 Suppositns
609 2654 699 2710 cineri
712 2654 818 2710 doloso.

349 2733 471 2794 Paulum
485 2751 590 2790 severae
604 2730 690 2789 Musa
702 2731 848 2808 tragoediae

349 2814 433 2872 Desit
445 2812 580 2870 theatris:
601 2831 675 2884 mox,
690 2812 739 2868 ubi
752 2811 881 2887 publicas

388 2892 450 2951 Res
463 2891 612 2963 ordinaris,
626 2892 734 2966 grande
747 2910 851 2948 munus

430 2970 570 3045 Cecropio
583 2982 693 3044 repetes
707 2971 857 3042 cothurno,

350 3051 468 3126 Insigne
483 3049 589 3106 moestis
602 3050 766 3123 praesidium
780 3049 847 3122 reis,

349 3131 388 3189 Et
401 3128 571 3200 consulenti,
585 3128 683 3200 Pollio,
698 3128 804 3196 curiae;

390 3209 446 3266 Cui
460 3208 557 3264 laurus
571 3217 690 3263 aeternos
704 3209 825 3263 honores

428 3286 589 3343 Dalmatico
602 3286 712 3360 peperit
724 3285 877 3360 triumpho.

351 3366 370 3424 J
372 3383 418 3423 am
433 3384 511 3422 nunc
524 3365 630 3422 minaci
644 3384 790 3421 murmure
804 3382 945 3420 cornuum

349 3444 520 3518 Perstringis
534 3462 632 3501 aures:
652 3443 710 3517 jam
723 3442 786 3499 litui
800 3452 944 3516 strepunt3

389 3523 455 3580 Jam
470 3523 560 3596 fulgor
575 3539 716 3577 armorum
731 3520 847 3595 fugaces

428 3601 533 3659 Terret
546 3618 642 3673 equos,
655 3599 837 3673 equitumque
851 3599 953 3656 vultus

350 3681 460 3739 Audire
475 3698 594 3756 magnos
605 3678 664 3754 jam
678 3677 774 3733 videor
788 3678 877 3734 duces

349 3758 418 3819 Non
432 3761 568 3817 indecoro
580 3757 696 3833 pulvere
711 3756 848 3831 sordidos

393 3838 430 3896 Et
444 3849 549 3895 cuncta
561 3849 699 3895 terrarum
710 3835 829 3894 subacta

432 3917 538 3974 Praeter
552 3929 675 3974 atrocem
690 3916 817 3972 animum
832 3914 958 3975 catonis

352 3995 438 4068 Jnno,
452 4006 481 4053 et
495 3996 611 4054 deorum
625 3995 750 4069 quisquis
764 3995 882 4052 amicior

351 4074 431 4133 Afris
446 4075 535 4132 inulta
549 4084 674 4132 cesserat
687 4074 828 4150 impotens
