3084 4900
470 862 518 955 Q.
560 862 839 937 unsrun
879 863 1124 942 rnaccr

629 1110 717 1175 ARS
754 1110 965 1177 POETICA.

701 1602 742 1642 AD
753 1603 885 1643 mannua.

340 1701 478 1761 Humano
488 1702 574 1779 capiti
588 1703 729 1761 cervicem
739 1703 830 1781 pictor
839 1704 973 1781 equinam

339 1781 358 1838 J
361 1801 467 1858 ungere
481 1784 505 1839 si
520 1782 594 1855 velit,
608 1795 637 1841 et
650 1784 741 1841 varias
755 1785 892 1842 inducere
905 1785 1017 1861 plumas

342 1861 472 1937 Undique
487 1863 597 1920 collatis
611 1864 755 1936 membris,
770 1869 802 1920 ut
815 1864 933 1939 turpiter
947 1874 1039 1923 atrum

339 1940 460 1998 Desinat
474 1941 503 1998 in
518 1942 627 2018 piscem
641 1942 742 2001 mulier
756 1943 879 2000 formosa
889 1941 1023 2020 superne,

340 2021 506 2095 Spectatum
521 2021 637 2079 admissi
650 2022 738 2078 risum
752 2022 883 2093 teneatis,
899 2023 1007 2082 amicil

339 2098 466 2170 Credite,
481 2100 608 2172 Pisones,
620 2100 666 2158 isti
674 2100 778 2157 tabulae
793 2101 852 2157 fore
863 2100 967 2159 librum

339 2178 525 2250 Persimilem,
539 2179 630 2253 eujus,
644 2179 720 2236 velut
734 2179 802 2255 aegri
816 2180 935 2252 somnia,
948 2200 1028 2240 vanas

338 2255 498 2333 Fingentur
513 2259 622 2333 species
630 2278 638 2327 余
659 2269 690 2315 ut
704 2276 759 2315 nec
771 2276 832 2334 psa,
846 2277 902 2315 nec
916 2273 1001 2336 caput
1014 2262 1065 2320 uni

338 2336 490 2395 Reddatur
504 2336 810 2395 formae.-Pictoribus
824 2348 908 2413 atque
921 2341 1014 2415 poetis

337 2416 489 2479 Quidlibet
503 2416 627 2474 audendi
641 2436 752 2495 semper
763 2418 816 2476 fuit
830 2436 909 2493 aequa
919 2429 1093 2496 potestas-
1253 2425 1289 2484 10

339 2496 464 2570 Scimus,
477 2507 507 2555 et
520 2498 594 2555 hanc
605 2498 717 2555 veniam
730 2499 908 2575 petimusque
922 2500 1078 2579 damusque
1092 2500 1233 2577 vicissim

339 2578 398 2635 Sed
412 2597 470 2635 non
484 2587 516 2635 ut
527 2578 648 2653 placidis
661 2583 766 2637 coeant
780 2579 900 2636 immitia
908 2599 915 2650 余
937 2599 995 2638 non
1009 2591 1041 2638 ut

340 2658 494 2734 Serpentes
508 2657 606 2715 avibus
618 2657 810 2734 geminentur,
824 2658 946 2735 tigribus
956 2659 1032 2736 agni.

378 2736 505 2814 Inceptis
519 2738 651 2814 gravibus
663 2736 830 2814 plerumque
843 2748 873 2795 et
886 2752 990 2814 magna
999 2739 1133 2815 professis

338 2816 512 2893 Purpureus,
526 2815 582 2874 late
598 2817 646 2892 qui
661 2818 819 2893 splendeat,
834 2837 909 2875 uuus
922 2828 951 2875 et
966 2819 1036 2877 alter
1252 2821 1289 2880 15

341 2896 473 2953 Assuitur
486 2914 617 2971 pannus余
638 2915 726 2971 quum
739 2896 822 2953 lucus
835 2907 864 2954 et
878 2917 926 2954 ara
940 2897 1052 2970 Diauae,

338 2974 377 3033 Et
388 2975 565 3051 properantis
580 2994 660 3050 aquae
673 2994 723 3051 per
737 2994 864 3033 amoenos
878 2976 1000 3033 ambitus
1013 2993 1105 3052 agros,

338 3055 400 3112 Aut
413 3052 519 3111 flumen
534 3054 681 3125 Rhenum,
696 3065 745 3111 aut
754 3054 866 3130 pluvius
879 3055 1050 3113 describitur
1064 3073 1167 3113 arcus:

338 3133 398 3190 Sed
412 3151 490 3191 nunc
504 3151 561 3190 non
575 3143 636 3190 erat
649 3132 694 3190 his
707 3133 795 3190 locus.
838 3134 876 3192 Et
890 3134 1006 3193 sortasse
1017 3152 1184 3209 cupressum

339 3212 404 3270 Seis
417 3212 569 3269 simulare:
590 3211 659 3286 quid
674 3213 738 3284 hoe,
753 3212 777 3269 si
792 3213 888 3271 fractis
901 3223 997 3272 enatat
1010 3231 1111 3288 exspes
1249 3216 1290 3276 20

337 3290 368 3350 N
369 3290 476 3364 avibus,
492 3310 546 3348 aere
558 3292 623 3348 dato
635 3291 684 3366 qui
696 3291 843 3367 pingiturl
864 3294 1010 3369 Amphora
1024 3291 1111 3368 coepit

338 3369 470 3441 Institui余
492 3381 624 3428 currente
637 3370 700 3429 rotd
714 3391 765 3429 cur
776 3390 880 3429 ureeus
893 3372 973 3430 exitl

337 3450 470 3526 Denique
484 3450 529 3523 sit,
543 3450 681 3527 quodvis,
695 3450 816 3527 simplex
829 3451 966 3510 duntaxat
978 3460 1007 3508 et
1017 3469 1117 3508 unum.

377 3528 505 3587 Maxima
517 3549 582 3605 pars
596 3541 701 3604 vatum,
715 3542 805 3607 pater,
819 3540 848 3587 et
859 3529 978 3606 juvenes
991 3539 1071 3605 patre
1085 3530 1176 3608 digni,

337 3606 505 3685 Decipimur
520 3609 615 3685 specie
628 3611 716 3669 recti:
739 3609 832 3667 brevis
846 3628 909 3666 esse
922 3609 1029 3682 laboro,

337 3686 486 3746 Obscurus
500 3688 553 3746 fio:
575 3699 732 3747 sectantem
746 3688 819 3746 levia
833 3686 912 3744 nervi

337 3765 484 3826 Deficiunt
498 3767 656 3843 animique:
676 3767 819 3843 professus
831 3766 953 3841 grandia
966 3776 1077 3844 turget:

337 3845 433 3922 Serpit
446 3847 525 3904 humi
539 3857 616 3904 tutus
629 3843 750 3904 nimium
764 3844 936 3919 timidusque
949 3847 1090 3920 procellae.

335 3923 399 3987 Qui
412 3926 519 3984 variare
533 3926 612 4001 cupit
625 3944 685 3984 rem
698 3923 890 4000 prodigialiter
903 3943 1001 3999 uuam,

338 4000 514 4080 Delphinum
529 4005 606 4062 silvis
620 4004 757 4080 appingit,
772 4003 906 4061 fluctibus
920 4023 1029 4080 aprum.

337 4080 374 4139 In
389 4083 486 4140 vitium
501 4083 579 4140 dueit
594 4084 685 4159 eulpae
701 4083 777 4158 fuga,
791 4083 815 4140 si
829 4094 907 4140 earet
921 4094 989 4142 arte.
