3084 4900
621 593 823 643 CARMINUM
842 592 907 641 LlB.
925 593 960 640 ll.

493 737 603 814 Pugnae
618 737 771 795 ferebaris:
793 739 844 795 sed
859 738 935 796 idem

430 838 433 845 ·
533 817 617 875 Pacis
630 837 693 875 eras
706 819 873 895 mediusque
887 818 963 876 belli.

453 894 501 954 Te
514 896 584 954 vidit
598 897 696 955 insons
710 898 853 955 Cerberus
868 917 954 955 aureo

453 976 553 1034 Cornu
566 977 712 1049 decorum,
726 977 828 1034 leuiter
843 988 966 1036 atterens

492 1055 639 1125 Caudam3
660 1066 689 1113 et
702 1057 864 1113 recedentis
877 1054 1005 1131 trilingui

531 1133 591 1192 Ore
604 1134 693 1212 pedes
706 1135 854 1212 tetigitque
868 1153 958 1192 crura.

690 1446 775 1504 ODE
789 1446 891 1506 XVII.

656 1586 697 1625 An
711 1585 919 1627 MAEcuNATuM.

452 1687 483 1747 N
485 1706 527 1745 ou
540 1685 654 1761 usitati,
670 1706 728 1746 non
742 1687 823 1744 tenui
838 1687 910 1745 ferar

452 1767 554 1827 Penni
569 1767 695 1826 biformis
708 1787 758 1843 per
772 1767 913 1842 liquidum
927 1770 1032 1827 aethera

491 1847 594 1905 Vates:
617 1866 709 1923 neque
724 1847 753 1903 in
767 1847 850 1904 terris
863 1849 994 1907 morabor

531 1924 677 2003 Longius:
699 1927 862 2001 invidiaque
875 1928 964 2004 major
1050 1973 1053 1983 ,

452 2005 545 2065 Urbes
558 2007 724 2080 relinquam.
758 2004 827 2060 Non
842 2023 905 2081 ego,
919 2024 1075 2082 pauperum

454 2084 579 2160 Sanguis
592 2083 753 2159 parentum,
768 2100 826 2139 non
840 2102 904 2158 ego,
918 2104 1003 2158 quem
1017 2104 1102 2143 vocas

492 2163 615 2234 Dilecte,
630 2160 787 2230 Maecenas,
801 2160 895 2233 obibo,

539 2241 606 2298 Neo
620 2241 720 2316 Stygis
734 2239 889 2298 cohibebor
903 2241 990 2299 unda.

454 2321 520 2379 Jam
531 2319 590 2397 jam
604 2321 733 2377 residunt
746 2319 877 2377 cruribus
891 2339 998 2395 asperae

453 2399 563 2459 Pelles:
584 2410 614 2458 et
627 2400 722 2457 album
737 2410 831 2456 mutor
846 2400 875 2458 in
890 2400 986 2458 alitem

494 2481 641 2556 Superna:
656 2489 869 2556 nascunturque
882 2480 959 2538 leves

532 2559 588 2619 Per
602 2561 705 2638 digitos
719 2561 908 2635 humerosque
922 2561 1034 2638 plumae.

453 2640 519 2700 Jam
532 2639 669 2700 Daedaleo
682 2641 760 2700 ooior
774 2639 858 2698 Icaro

452 2720 552 2779 Visam
566 2722 707 2797 gementis
720 2722 814 2778 littora
828 2720 956 2798 Bospori,

493 2801 646 2875 Syrtesque
659 2801 796 2870 Gaetulas,
810 2819 932 2857 canorus

532 2879 612 2949 Ales,
627 2878 883 2952 Hyperboreosque
897 2898 1021 2955 campos.

453 2956 503 3014 Me
518 2956 654 3027 Colchus,
669 2966 698 3012 et
711 2956 758 3029 qui
774 2956 932 3012 dissimulat
946 2969 1054 3016 metum

453 3034 557 3093 Marsae
571 3034 694 3092 cohortis
708 3034 816 3104 Dacus,
830 3045 859 3091 et
873 3034 964 3092 ultimi
1016 3099 1018 3102 ,

492 3114 623 3172 Nosoent
636 3114 755 3171 Geloni:
777 3132 823 3169 me
834 3113 942 3188 peritus

539 3192 640 3250 Disoet
653 3191 729 3265 Iber,
744 3193 936 3267 Rhodanique
950 3203 1039 3269 potor.

453 3273 559 3331 Absint
573 3272 652 3329 inani
666 3273 766 3329 funere
777 3271 889 3342 naeniae‚

454 3352 619 3427 Luctusque
632 3362 739 3427 turpes
754 3361 783 3408 et
795 3351 994 3426 querimonia:

492 3431 650 3508 Compesce
665 3431 828 3502 clamorem,
840 3449 874 3487 ao
888 3430 1011 3507 sepulcri
1037 3472 1040 3476 ι

531 3510 615 3569 Mitte
629 3529 820 3588 supervacuos
834 3511 964 3570 honores.
