3084 4900
652 584 682 640 Q.
701 584 847 632 HORATII
864 584 988 632 FLACCI

523 725 650 798 Tellure,
664 727 802 785 victorum
816 736 934 802 nepotes

561 805 674 863 Retulit
687 805 803 863 inferias
816 805 973 880 Jugurthae.

482 882 559 946 Quis
572 902 640 956 non,
651 883 755 941 Latino
769 884 909 960 sanguine
922 881 1063 959 pinguior,

483 961 610 1038 Campus
624 963 761 1038 sepulcris
775 963 861 1038 impia
874 962 973 1037 proelia

522 1040 667 1112 Testatur,
682 1042 866 1114 auditumque
880 1039 976 1097 Medis

562 1119 709 1193 Hesperiae
724 1118 847 1175 sonitum
861 1118 973 1174 ruinael

481 1197 544 1259 Qui
557 1216 670 1272 gurges,
685 1207 734 1254 aut
746 1215 809 1270 quae
823 1194 940 1253 flumina
953 1195 1080 1272 lugubris

482 1275 587 1352 Ignara
601 1274 687 1331 bellit
703 1276 781 1349 ,quod
796 1294 874 1331 mare
885 1274 1006 1333 Daunia

521 1352 590 1411 Non
604 1352 802 1411 decoloravere
816 1353 930 1410 caedesl

559 1432 635 1492 Quae
650 1444 728 1490 earet
741 1452 791 1491 ora
804 1451 904 1489 cruore
914 1433 1030 1490 nostrol

482 1510 541 1567 Sed
554 1529 602 1584 ne,
616 1511 732 1585 relictis,
747 1511 833 1568 Musa
845 1530 959 1586 procax,
970 1510 1053 1587 jocis,

482 1589 551 1647 Oea
564 1600 698 1647 retractes
712 1610 832 1648 munera
844 1590 874 1646 N
876 1590 972 1647 aeniae:

522 1666 640 1727 Mecum
654 1669 774 1729 Dionaeo
801 1669 854 1726 sub
868 1679 949 1727 antro

564 1749 672 1812 Quaere
687 1741 786 1808 modos
799 1748 902 1806 leviore
915 1748 1031 1825 plectro.

748 2062 833 2119 ODE
853 2062 885 2118 II

621 2200 661 2239 ΑΙ)
676 2198 805 2237 CRISPUM
820 2197 1014 2238 SALLUSTIUM.

520 2300 551 2357 N
553 2317 643 2359 onnus
658 2306 775 2373 argento
789 2296 865 2355 color
879 2308 922 2354 est
935 2296 1026 2354 avaris

520 2378 629 2436 Abdita
639 2377 730 2448 terris,
745 2375 862 2433 inimice
875 2376 978 2434 lamnae

519 2459 621 2535 Crispe
635 2456 760 2528 Sallusti,
774 2455 828 2513 nisi
843 2467 998 2533 temperato

718 2536 873 2611 Splendeat
886 2555 948 2593 usu.

519 2617 604 2675 Vivet
617 2625 731 2674 extento
745 2615 911 2672 Proculeius
925 2635 994 2686 avo,

520 2694 616 2755 Notus
629 2697 659 2753 in
673 2696 773 2753 fratres
787 2695 874 2752 animi
887 2695 1014 2772 paterni:

522 2775 609 2843 Illum
623 2786 688 2851 aget
700 2774 797 2850 penna
811 2785 956 2832 metuente
971 2773 1040 2832 solvi

573 2852 574 2860 ’
717 2852 808 2908 Fama
821 2864 971 2927 superstes.

520 2929 620 2988 Latiirs
633 2947 736 3004 regnes
750 2929 863 2985 avidum
878 2930 1020 2987 domando

520 3008 666 3084 Spiritum,
681 3004 766 3081 quam
780 3007 804 3061 si
818 3006 938 3080 Libyam
952 3008 1067 3064 remotis

519 3086 647 3144 Gadibus
658 3084 771 3161 jungas,
786 3096 815 3142 et
827 3094 944 3159 uterque
958 3084 1064 3145 Poenus

717 3164 828 3221 Serviat
841 3164 900 3220 uni.

519 3243 631 3301 Crescit
645 3243 796 3318 indulgens
810 3242 864 3299 sibi
877 3242 955 3300 dirus
966 3243 1105 3320 hydrops3

519 3320 584 3379 Nec
598 3322 672 3380 sitim
686 3323 776 3397 pellit,
790 3321 845 3378 nisi
860 3339 947 3379 eausa
961 3322 1052 3380 morbi

520 3399 640 3477 Fugerit
652 3401 741 3472 venis,
756 3411 790 3470 et
799 3419 920 3475 aquosus
934 3401 998 3458 albo

718 3480 844 3555 Corpore
859 3479 986 3555 languor.

520 3558 679 3618 Redditum
694 3559 763 3635 Cyri
777 3558 847 3617 solio
861 3559 1012 3631 Phraaten,

518 3638 669 3698 Dissidens
682 3638 767 3715 plebi,
781 3658 900 3697 numero
913 3639 1060 3695 beatorum

520 3717 628 3776 Eximit
643 3719 757 3787 Virtus;
777 3719 969 3794 populumque
983 3716 1060 3774 falsis

717 3796 848 3854 Dedocet
861 3796 902 3852 uti

519 3874 663 3943 Vocibus3
684 3893 805 3950 regnum
819 3887 848 3932 et
868 3874 1000 3931 diadema
1009 3883 1102 3932 tutum

520 3952 660 4011 Deferens
673 3953 733 4024 uni,
747 3953 943 4028 propriamque
954 3952 1076 4019 laurum,

519 4032 661 4108 Quisquis
674 4032 806 4109 ingentes
818 4032 902 4090 oculo
916 4032 1045 4090 irretorto

719 4112 837 4187 Spectat
851 4130 974 4170 acervos.
