3084 4900
598 610 804 660 samninum
822 610 888 659 mn.
907 611 941 659 11.
959 612 982 659 o.
1229 612 1286 671 135

337 753 492 832 Ingenium
504 774 511 824 ;
533 762 619 828 utque
633 754 716 827 soles,
731 765 827 811 custos
841 753 910 810 mihi
925 754 1066 810 maximus
1080 753 1164 812 adsis.
1249 755 1286 813 15

336 834 422 910 Ergo,
436 835 485 891 ubi
500 853 546 890 me
560 833 591 890 in
605 847 717 891 montes
731 845 759 891 et
774 835 803 891 in
815 852 910 890 arcem
924 853 961 890 ex
974 834 1044 890 urbe
1057 834 1173 907 removi,

334 914 417 976 Quid
430 911 509 989 priirs
524 912 663 970 illustrem
677 914 779 985 satiris,
794 912 936 987 Musisque
950 912 1094 988 pedestril

335 992 400 1051 Nec
415 993 489 1049 mala
503 1011 549 1048 me
564 993 680 1049 ambitio
693 993 796 1067 perdit,
810 1010 865 1048 nec
879 992 1029 1067 plumbeus
1043 993 1160 1065 Auster,

335 1074 558 1146 Autumnusque
572 1072 675 1147 gravis,
690 1072 823 1128 Libitinae
837 1083 961 1144 quaestus
975 1072 1093 1127 acerbae.

375 1151 517 1208 Matutine
532 1162 623 1227 pater,
636 1169 688 1207 seu
702 1150 777 1207 June
791 1147 927 1207 libentius
942 1150 1034 1223 audie,
1246 1151 1288 1208 20

335 1230 423 1289 Unde
438 1229 567 1287 homines
581 1248 698 1305 operum
712 1231 819 1305 primos
832 1228 953 1303 vitaeque
967 1228 1078 1286 labores

335 1308 504 1381 Instituunt,
518 1310 560 1365 sic
574 1309 619 1365 dis
632 1309 779 1384 placitum,
793 1320 824 1365 tu
838 1308 974 1365 carminis
987 1321 1048 1366 esto

334 1389 520 1464 Principium.
562 1388 664 1445 Romae
678 1406 841 1464 sponsorem
855 1406 902 1444 mc
916 1388 998 1462 rapis.
1041 1393 1059 1419 “
1071 1388 1143 1447 Eia!

335 1467 382 1524 Ne
396 1468 471 1543 prior
485 1467 578 1524 officio
591 1467 740 1542 quisquam
753 1468 934 1542 respondeat,
948 1469 1046 1543 urge.”

335 1548 401 1603 Sive
416 1547 520 1621 Aquilo
534 1546 607 1603 radit
621 1557 718 1618 terras,
733 1566 784 1603 seu
798 1546 898 1603 bruma
911 1546 1035 1604 nivalem

335 1625 473 1688 Interiora
488 1627 564 1682 diem
578 1644 647 1700 gyro
661 1626 755 1696 trahit,
770 1625 811 1681 ire
826 1643 944 1681 necesse
958 1636 1009 1682 est.

254 1695 496 1780 spostmodo,
508 1705 585 1779 quod
599 1703 639 1760 mi
652 1704 735 1775 obsit,
752 1701 829 1760 clare
846 1701 1014 1777 certumque
1027 1705 1134 1777 locuto,

335 1784 516 1841 Luctandum
531 1784 560 1839 in
575 1783 674 1852 turbd;
697 1782 828 1840 facienda
842 1781 946 1857 injuria
959 1784 1054 1839 tardis.

334 1863 443 1925 “Quid
457 1864 509 1935 vis,
523 1863 646 1920 insanel
667 1876 696 1918 et
709 1881 779 1935 quas
793 1880 838 1916 res
852 1861 912 1935 agis
920 1861 950 1916 l’'
973 1862 1118 1937 improbus
1131 1872 1214 1937 urget

295 1951 298 1956 '
334 1942 418 2000 Irat'is
428 1942 577 2017 precibus3
600 1946 617 1971 ‘¹
627 1953 658 1998 tu
671 1940 766 2015 pulses
780 1959 865 1996 omne
879 1940 954 2013 quod
968 1941 1069 2013 obstat,
1247 1940 1287 1998 30

334 2023 383 2079 Ad
398 2021 588 2079 Maecenatem
603 2020 720 2077 memori
735 2019 758 2075 si
773 2030 870 2075 mente
884 2022 1041 2077 recurras.’'

335 2101 401 2158 Hoc
412 2101 491 2176 juvat
504 2111 533 2157 et
546 2100 623 2157 melli
637 2110 690 2170 est,
705 2118 762 2155 non
778 2099 906 2155 mentiar.
948 2099 999 2170 At,
1014 2099 1097 2157 simul
1112 2110 1187 2157 atras

335 2181 460 2237 Ventum
474 2191 517 2237 est
531 2179 682 2255 Esquilias,
697 2179 791 2235 aliona
804 2178 918 2255 negotia
932 2190 1048 2235 centum

333 2259 389 2317 Per
403 2270 489 2335 caput
502 2270 531 2316 et
544 2260 621 2316 circa
634 2258 740 2327 saliunt
753 2259 835 2315 latus
878 2259 983 2314 “Ante
997 2260 1155 2316 secundam

334 2338 460 2397 Roscius
475 2340 572 2396 orabat
585 2339 638 2395 sibi
653 2339 767 2395 adesses
783 2338 818 2394 ad
834 2337 932 2395 Puteal
948 2341 1038 2395 cras.'’
1246 2338 1286 2395 35

335 2424 353 2450 “
364 2419 408 2476 De
423 2438 453 2476 re
467 2418 611 2477 communi
626 2418 726 2475 scribas
741 2418 846 2492 magnai
861 2428 945 2492 atque
959 2418 1033 2475 noval
1047 2428 1075 2475 te

333 2498 462 2556 Orabam
476 2499 559 2554 hodie
573 2498 761 2566 meminisses,
775 2497 898 2567 Quinte,
913 2499 1042 2553 reverti.'’

274 2570 278 2579 ¹
334 2584 352 2608 “
368 2577 515 2654 Imprimat
529 2577 582 2646 his,
598 2594 675 2645 cura,
691 2575 836 2630 Maecenas
851 2575 933 2648 sigua
946 2576 1085 2631 tabellis.”

333 2656 457 2728 Dixeris
484 2660 501 2684 ‘⁶
514 2653 688 2729 Experiar'’:
712 2657 730 2682 “
747 2654 778 2708 Si
793 2653 843 2723 viS,
854 2655 961 2727 potoS,’'
978 2653 1057 2710 addit
1070 2662 1098 2710 et
1112 2653 1205 2710 instat.

334 2736 479 2812 Septimus
492 2745 591 2790 octavo
604 2732 716 2808 propior
728 2732 787 2807 jam
802 2731 905 2805 fugerit
919 2750 1020 2803 annus,
1246 2732 1286 2789 40

333 2815 378 2873 Ex
391 2834 447 2890 quo
464 2812 608 2868 Maecenas
622 2831 668 2868 me
683 2812 768 2886 coepit
783 2812 886 2867 habere
901 2830 1017 2868 suorum

333 2893 369 2952 In
384 2912 512 2965 numero,
528 2893 665 2948 duntaxat
679 2892 714 2947 ad
730 2892 793 2962 hoc,
807 2909 891 2965 quem
906 2891 1003 2948 tollere
1018 2891 1107 2948 rheda

333 2974 438 3044 Vellet,
453 2974 505 3030 iter
520 2972 637 3042 faciens,
651 2980 680 3027 et
692 2971 741 3027 cui
756 2971 928 3026 concredere
943 2989 1035 3046 nugas

333 3052 400 3110 Hoc
410 3071 520 3128 genus:
542 3056 559 3081 “
573 3051 653 3107 Hora
663 3062 749 3126 quota
759 3052 821 3107 estl
843 3049 943 3107 Thrax
953 3063 996 3108 est
1006 3051 1120 3109 Gallina
1135 3052 1206 3127 Syro
1217 3051 1285 3127 parl

334 3131 476 3188 Matutine
489 3149 589 3206 parum
601 3142 700 3188 cautos
711 3130 770 3206 jam
784 3130 888 3206 frigora
901 3132 1033 3188 mordent
1042 3134 1067 3188 :''
1245 3131 1284 3187 45

334 3211 372 3288 Et
384 3230 447 3285 quae
460 3210 565 3268 rimosi
579 3210 652 3266 bene
667 3211 848 3286 deponuntur
862 3209 892 3266 in
907 3229 983 3267 anre.

332 3290 387 3347 Per
401 3301 490 3347 totum
505 3291 559 3346 hoc
573 3301 685 3364 tempus
699 3289 851 3364 subjectior
864 3290 894 3346 in
909 3290 984 3347 diem
999 3301 1028 3347 et
1042 3291 1139 3347 horam

333 3368 461 3426 Invidiae.
503 3367 637 3425 “Noster
651 3369 732 3425 ludos
746 3378 922 3443 spectaverat
932 3369 1006 3438 unr't3

333 3447 453 3505 Luserat
466 3448 496 3505 in
518 3466 632 3522 campo;
655 3447 788 3503 Fortunae
803 3446 876 3502 filius
886 3448 911 3515 ;”
933 3467 1041 3504 omnes.

333 3527 467 3603 Frigidus
481 3546 498 3583 a
511 3527 625 3583 Rostris
637 3535 733 3580 manat
742 3544 792 3599 per
807 3526 931 3599 compita
941 3545 1036 3582 rumor
1049 3546 1056 3603 ς
1243 3527 1283 3582 tu

331 3605 507 3681 Quicunque
520 3606 619 3663 obvius
633 3613 676 3660 est
691 3622 735 3659 me
750 3603 890 3659 consulit:
912 3607 930 3632 “
940 3603 968 3658 Ο
983 3605 1067 3675 bone,
1081 3624 1148 3661 nam
1162 3615 1191 3661 te

334 3686 425 3758 Scire,
440 3686 508 3742 deos
521 3683 655 3759 quoniam
669 3679 785 3757 propius
799 3681 951 3757 contingis,
966 3695 1091 3758 oportet:

332 3763 494 3838 Numquid
509 3764 544 3819 de
559 3762 647 3819 Dacis
661 3761 765 3817 audisti
774 3761 803 3817 l''
830 3766 847 3790 “
864 3760 913 3817 Nil
928 3762 1087 3836 equidem.’'
1109 3766 1127 3792 “
1140 3761 1179 3818 Ut
1191 3772 1223 3819 tu

334 3845 454 3918 Semper
467 3843 523 3898 eris
537 3843 643 3899 derisor
653 3841 678 3897 !'¹
708 3844 725 3870 “
742 3841 782 3897 At
796 3859 895 3897 omnes
909 3840 938 3896 di
953 3841 1101 3916 exagitent
1113 3859 1170 3913 me,

333 3923 365 3978 Si
379 3922 559 3997 quidquam.'’
602 3920 728 3981 “Quidl
750 3919 886 3976 militibus
900 3921 1037 3994 promissa
1051 3917 1204 3994 Triquetris
1243 3921 1284 3977 55

331 4001 444 4058 Praedia
457 4001 563 4071 Caesar,
579 4019 614 4056 an
629 4011 671 4056 est
685 3999 758 4056 Itala
771 4000 873 4056 tellure
887 4001 1003 4055 daturus
1013 4001 1043 4055 l''

332 4079 482 4137 Jurantem
497 4098 542 4135 mc
557 4080 629 4135 scire
644 4078 714 4135 nihil
728 4080 876 4148 mirantur,
891 4090 922 4135 ut
936 4096 1025 4133 unum

333 4158 450 4216 Scilicet
461 4159 566 4232 egregii
584 4158 728 4214 mortalem
744 4157 848 4231 altique
862 4156 965 4213 silenti.
