3084 4900
583 587 649 637 ARS
667 588 822 639 POETIGA.

243 728 351 803 Credit,
367 740 396 787 et
408 729 535 788 excludit
548 750 632 789 sanos
646 731 788 791 Helicone
800 737 910 810 politas,

241 808 432 882 Democritus,
448 810 522 867 bona
534 830 600 886 pars
613 831 671 868 non
685 829 797 887 ungues
810 832 915 889 ponere
929 829 1020 890 curat,

241 888 309 945 Non
325 890 450 962 barbam,
466 901 576 947 secreta
588 891 658 966 petit
671 890 744 962 loca,
759 892 860 949 balnea
874 893 951 951 vitat.

242 966 435 1025 Nanciscetur
450 970 527 1025 enim
540 970 663 1044 pretium
677 989 838 1045 nomenque
851 976 954 1047 pobtae,

243 1048 274 1103 Si
289 1048 379 1104 tribus
394 1048 540 1123 Anticyris
554 1059 639 1122 caput
653 1048 810 1105 insanabile
825 1069 972 1126 nunquam
1138 1055 1197 1113 300

242 1125 366 1184 Tonsori
378 1126 480 1183 Licino
493 1126 674 1184 commiserit.
715 1126 743 1182 Ο
758 1147 812 1203 ego
826 1130 922 1200 laevus,

240 1205 308 1266 Qui*
317 1224 420 1281 purgor
436 1205 520 1263 bilem
535 1207 588 1262 sub
602 1205 680 1262 verni
695 1206 830 1281 temporis
843 1208 957 1267 boram!

241 1284 272 1341 N
273 1304 310 1341 on
325 1284 396 1340 alius
410 1284 516 1342 faceret
529 1285 646 1342 meliora
658 1288 807 1360 poemata:
828 1283 928 1344 veriam

241 1363 291 1420 Nil
306 1364 378 1420 tanti
392 1373 443 1421 est.
485 1364 561 1439 Ergo
575 1364 676 1440 fungar
691 1365 753 1420 vice
767 1365 849 1437 cotis,
863 1377 979 1424 acutum

241 1442 377 1500 Reddere
390 1460 453 1517 quae
468 1443 572 1499 ferrum
586 1442 669 1513 valet,
683 1462 780 1500 exsors
794 1443 855 1519 ipsa
865 1445 999 1504 secandi:
1137 1448 1197 1507 305

242 1520 350 1578 Munus
364 1533 392 1579 et
405 1520 541 1594 officium,
556 1522 595 1578 nil
610 1522 739 1578 scribens
752 1522 822 1597 ipse,
834 1524 942 1583 docebo
950 1544 958 1594 ;

242 1599 325 1657 Unde
339 1611 472 1676 parentur
486 1620 570 1675 opes;
592 1601 660 1675 quid
675 1601 731 1657 alat
746 1601 901 1677 formetque
911 1608 1043 1679 poetam3

242 1679 323 1740 Quid
334 1681 444 1752 deceat,
459 1680 526 1754 quid
540 1699 615 1749 non;
636 1676 692 1753 qud
704 1680 802 1751 virtus,
816 1678 872 1755 qud
890 1682 960 1739 ferat
971 1702 1057 1742 error.

283 1759 433 1816 Scribendi
447 1755 525 1816 recte
541 1777 639 1834 sapere
653 1768 696 1814 est
709 1769 738 1815 et
750 1759 922 1835 principium
936 1771 965 1818 et
978 1762 1049 1820 sons.

241 1837 319 1894 Rem
332 1839 383 1896 tibi
398 1838 552 1895 Socraticae
565 1846 698 1913 poterunt
711 1838 861 1894 ostendere
875 1840 997 1897 chartae:
1136 1843 1195 1901 310

241 1916 392 1992 Verbaque
405 1917 545 1994 provisam
558 1936 618 1973 rem
632 1934 689 1972 non
704 1916 792 1973 invita
803 1929 965 1992 sequentur.

240 1995 303 2057 Qui
317 1997 416 2054 didicit
428 1997 526 2073 patriae
541 1995 609 2071 quid
624 1995 736 2068 debeat,
751 2006 780 2052 et
793 1997 861 2071 quid
874 1997 985 2070 amicis,

240 2074 310 2137 Quo
321 2075 357 2133 sit
371 2095 466 2134 amore
479 2095 591 2152 parens,
606 2093 661 2149 quo
675 2075 759 2131 frater
774 2076 922 2149 amandus,
935 2088 965 2134 et
977 2078 1091 2156 hospes,

239 2154 329 2216 Quod
343 2155 379 2212 sit
393 2154 555 2232 conscripti,
569 2153 643 2229 quod
655 2154 759 2230 judicis
772 2154 908 2227 officium,
921 2175 985 2231 quae

240 2232 339 2291 Partes
352 2235 383 2293 in
397 2236 502 2292 bellum
516 2235 594 2292 missi
609 2235 707 2303 ducis;
729 2233 777 2291 ille
790 2232 918 2310 profectb
1136 2237 1193 2297 315

239 2313 376 2372 Reddere
389 2334 517 2390 personae
532 2314 586 2371 scit
599 2314 799 2371 convenientia
813 2314 925 2389 cuique.

239 2393 400 2471 Respicere
414 2393 556 2471 exemplar
570 2393 633 2451 vitae
648 2410 815 2469 morumque
825 2393 932 2469 jubebo

240 2472 364 2532 Doctum
376 2474 555 2545 imitatorem,
569 2484 598 2530 et
611 2492 690 2530 veras
705 2474 772 2529 hinc
787 2473 891 2530 ducere
905 2493 998 2531 voces.

240 2552 389 2611 Interdum
401 2553 529 2629 speciosa
541 2552 612 2609 locis
625 2565 787 2626 morataque
798 2548 877 2608 recte

240 2631 360 2705 Fabula,
375 2633 481 2689 nullius
495 2631 615 2702 veneris,
630 2631 691 2687 sine
705 2630 830 2704 pondere
845 2640 873 2687 et
887 2641 957 2704 arte,
1135 2633 1195 2691 320

239 2710 361 2769 Valdilrs
375 2711 497 2768 oblectat
510 2710 645 2786 populum
660 2707 817 2783 meliusque
829 2720 962 2782 moratur,

239 2789 339 2852 Quam
354 2810 450 2848 versus
464 2791 562 2864 inopes
576 2806 680 2860 rerum,
695 2806 834 2863 nugaeque
849 2807 969 2845 canorae.

285 2870 379 2928 Graiis
393 2870 550 2946 ingenium,
561 2867 656 2924 Graiis
670 2868 748 2923 dedit
761 2886 810 2924 ore
824 2867 945 2923 rotundo

239 2952 326 3009 Musa
336 2949 421 3024 loqui,
435 2959 535 3024 praeter
549 2948 663 3004 laudem
674 2946 780 3003 nullius
794 2946 899 3002 avaris:

239 3029 366 3090 Romani
377 3028 457 3105 pueri
470 3027 563 3102 longis
577 3025 733 3083 rationibus
747 3043 839 3081 assem
1135 3027 1194 3085 325

239 3111 364 3168 Discunt
377 3109 406 3164 in
421 3117 515 3184 partes
531 3116 647 3162 centum
662 3105 807 3161 diducere.
850 3107 868 3134 “
884 3102 971 3161 Dicat

239 3189 332 3246 Filius
346 3186 454 3258 Albini,
470 3185 493 3242 si
508 3186 543 3243 de
557 3185 718 3259 quincunce
732 3194 841 3240 remota
855 3192 898 3239 est

238 3268 342 3338 Ducis,
356 3266 423 3342 quid
438 3275 551 3340 superat
558 3264 588 3321 l’'
625 3268 644 3294 “
659 3263 776 3320 Poteras
790 3263 904 3334 dixisse,
917 3260 1052 3320 Triens.¹’
1089 3267 1108 3295 “
1119 3262 1182 3321 Eu!

240 3349 317 3405 Rem
330 3345 434 3422 poteris
448 3362 558 3400 servare
572 3352 659 3399 tuam.
700 3341 791 3398 Redit
804 3341 899 3412 uncia,
914 3340 981 3416 quid
995 3341 1065 3400 fitt’

240 3432 258 3458 “
275 3425 394 3483 Semis.’'
437 3424 496 3494 An,
512 3424 574 3479 haec
585 3421 694 3478 animos
706 3438 802 3495 aerugo
816 3431 845 3477 et
858 3438 928 3476 cura
940 3420 1036 3495 peculi
1135 3421 1194 3478 330
1276 3448 1283 3454 ·

238 3505 340 3567 Quum
354 3503 441 3561 semel
456 3501 598 3571 imbuerit,
613 3517 758 3575 speramus
772 3498 900 3555 carmina
914 3497 983 3573 fingi

238 3585 326 3642 Posse
340 3582 457 3641 linenda
467 3580 562 3651 cedro,
577 3590 606 3648 et
618 3578 671 3635 levi
684 3577 822 3633 servanda
836 3579 990 3651 cupressol

279 3665 340 3721 Aut
353 3663 486 3739 prodesse
500 3659 605 3731 volunt,
620 3667 669 3714 aut
682 3655 834 3730 delectare,
847 3660 950 3733 poeta,

240 3743 302 3800 Aut
315 3741 399 3799 simul
415 3751 444 3798 et
454 3734 585 3814 jucunda
595 3748 623 3794 et
637 3738 741 3793 idonea
754 3734 852 3794 dicere
865 3736 937 3793 vitae.

237 3821 388 3896 Quidquid
402 3818 558 3896 praecipies,
570 3828 633 3874 esto
646 3814 754 3882 brevis;
776 3826 807 3872 ut
821 3812 879 3874 citb
893 3814 971 3873 dicta
1134 3813 1195 3873 335

238 3900 402 3976 Percipient
416 3897 503 3956 animi
518 3897 624 3954 dociles
638 3904 809 3969 teneantque
823 3894 938 3952 fideles:

239 3979 336 4037 Omne
350 3995 557 4054 supervacuum
570 3975 655 4052 pleno
669 3975 704 4031 de
717 3985 832 4049 pectore
846 3983 951 4032 manat.

241 4057 326 4117 Ficta
338 4056 488 4134 voluptatis
501 4057 591 4114 causa
604 4055 662 4112 siut
674 4054 804 4130 proxima
817 4053 904 4112 veris:
