<?xml version="1.0" encoding="UTF-8"?>
<!DOCTYPE html PUBLIC "-//W3C//DTD XHTML 1.0 Transitional//EN"
    "http://www.w3.org/TR/xhtml1/DTD/xhtml1-transitional.dtd">
<html xmlns="http://www.w3.org/1999/xhtml" xml:lang="en" lang="en">
 <head>
  <title>
</title>
<meta http-equiv="Content-Type" content="text/html;charset=utf-8" />
  <meta name='ocr-system' content='tesseract 3.04.00' />
  <meta name='ocr-capabilities' content='ocr_page ocr_carea ocr_par ocr_line ocrx_word'/>
</head>
<body>
  <div class='ocr_page' id='page_1' title='image "./quintihoratiifl00horagoog_0153.png"; bbox 0 0 3084 4900; ppageno 0'>
   <div class='ocr_carea' id='block_1_1' title="bbox 285 593 943 656">
    <p class='ocr_par' dir='ltr' id='par_1_1' title="bbox 285 593 943 656">
     <span class='ocr_line' id='line_1_1' title="bbox 285 593 943 656; baseline -0.015 -5"><span class='ocrx_word' id='word_1_1' title='bbox 285 596 341 656; x_wconf 76' lang='grc'>134</span> <span class='ocrx_word' id='word_1_2' title='bbox 605 594 636 650; x_wconf 84' lang='lat' dir='ltr'>Q.</span> <span class='ocrx_word' id='word_1_3' title='bbox 655 594 802 642; x_wconf 81' lang='lat' dir='ltr'>HORATU</span> <span class='ocrx_word' id='word_1_4' title='bbox 819 593 943 641; x_wconf 75' lang='lat' dir='ltr'>FLACCI</span> 
     </span>
    </p>
   </div>
   <div class='ocr_carea' id='block_1_2' title="bbox 317 735 1275 2717">
    <p class='ocr_par' dir='ltr' id='par_1_2' title="bbox 322 735 1052 812">
     <span class='ocr_line' id='line_1_2' title="bbox 322 735 1052 812; baseline 0 -17"><span class='ocrx_word' id='word_1_5' title='bbox 322 735 447 795; x_wconf 87' lang='lat' dir='ltr'>Uncrurn</span> <span class='ocrx_word' id='word_1_6' title='bbox 460 737 523 793; x_wconf 91' lang='lat' dir='ltr'>oleo</span> <span class='ocrx_word' id='word_1_7' title='bbox 536 736 615 812; x_wconf 91' lang='lat' dir='ltr'>largo</span> <span class='ocrx_word' id='word_1_8' title='bbox 628 737 713 794; x_wconf 92' lang='lat' dir='ltr'>nudis</span> <span class='ocrx_word' id='word_1_9' title='bbox 727 737 853 794; x_wconf 89' lang='lat' dir='ltr'>humeris</span> <span class='ocrx_word' id='word_1_10' title='bbox 866 737 932 795; x_wconf 91' lang='lat' dir='ltr'>tulit</span> <span class='ocrx_word' id='word_1_11' title='bbox 945 737 1052 806; x_wconf 79' lang='lat' dir='ltr'>haeres3</span> 
     </span>
    </p>

    <p class='ocr_par' dir='ltr' id='par_1_3' title="bbox 321 815 917 891">
     <span class='ocr_line' id='line_1_3' title="bbox 321 815 917 891; baseline 0.002 -18"><span class='ocrx_word' id='word_1_12' title='bbox 321 816 439 873; x_wconf 82' lang='lat' dir='ltr'>Scilicet</span> <span class='ocrx_word' id='word_1_13' title='bbox 452 815 526 872; x_wconf 80' lang='lat' dir='ltr'>elabi</span> <span class='ocrx_word' id='word_1_14' title='bbox 540 816 563 872; x_wconf 91' lang='lat' dir='ltr'>si</span> <span class='ocrx_word' id='word_1_15' title='bbox 578 827 673 891; x_wconf 91' lang='lat' dir='ltr'>posset</span> <span class='ocrx_word' id='word_1_16' title='bbox 686 828 807 888; x_wconf 86' lang='lat' dir='ltr'>mortua,</span> <span class='ocrx_word' id='word_1_17' title='bbox 821 818 917 890; x_wconf 84' lang='lat' dir='ltr'>credo,</span> 
     </span>
    </p>

    <p class='ocr_par' dir='ltr' id='par_1_4' title="bbox 318 892 1087 965">
     <span class='ocr_line' id='line_1_4' title="bbox 318 892 1087 965; baseline 0.001 -12"><span class='ocrx_word' id='word_1_18' title='bbox 318 892 410 965; x_wconf 82' lang='lat' dir='ltr'>Qudd</span> <span class='ocrx_word' id='word_1_19' title='bbox 424 892 546 953; x_wconf 79' lang='lat' dir='ltr'>nimiirm</span> <span class='ocrx_word' id='word_1_20' title='bbox 561 894 701 952; x_wconf 84' lang='lat' dir='ltr'>institerat</span> <span class='ocrx_word' id='word_1_21' title='bbox 714 895 827 952; x_wconf 83' lang='lat' dir='ltr'>viventi.</span> <span class='ocrx_word' id='word_1_22' title='bbox 869 896 980 953; x_wconf 86' lang='lat' dir='ltr'>Cautus</span> <span class='ocrx_word' id='word_1_23' title='bbox 994 895 1087 953; x_wconf 89' lang='lat' dir='ltr'>adit0.</span> 
     </span>
    </p>

    <p class='ocr_par' dir='ltr' id='par_1_5' title="bbox 319 973 1045 1049">
     <span class='ocr_line' id='line_1_5' title="bbox 319 973 1045 1049; baseline 0 -18"><span class='ocrx_word' id='word_1_24' title='bbox 319 973 388 1031; x_wconf 87' lang='lat' dir='ltr'>Neu</span> <span class='ocrx_word' id='word_1_25' title='bbox 402 974 478 1031; x_wconf 91' lang='lat' dir='ltr'>desis</span> <span class='ocrx_word' id='word_1_26' title='bbox 491 992 593 1049; x_wconf 83' lang='lat' dir='ltr'>operae,</span> <span class='ocrx_word' id='word_1_27' title='bbox 605 994 677 1031; x_wconf 86' lang='lat' dir='ltr'>neve</span> <span class='ocrx_word' id='word_1_28' title='bbox 691 975 894 1031; x_wconf 89' lang='lat' dir='ltr'>immoderatus</span> <span class='ocrx_word' id='word_1_29' title='bbox 908 974 1045 1031; x_wconf 85' lang='lat' dir='ltr'>abundes.</span> 
     </span>
    </p>

    <p class='ocr_par' dir='ltr' id='par_1_6' title="bbox 319 1051 1069 1127">
     <span class='ocr_line' id='line_1_6' title="bbox 319 1051 1069 1127; baseline 0 -16"><span class='ocrx_word' id='word_1_30' title='bbox 319 1053 474 1111; x_wconf 88' lang='lat' dir='ltr'>Difficilem</span> <span class='ocrx_word' id='word_1_31' title='bbox 488 1064 518 1111; x_wconf 92' lang='lat' dir='ltr'>et</span> <span class='ocrx_word' id='word_1_32' title='bbox 528 1073 670 1110; x_wconf 91' lang='lat' dir='ltr'>morosum</span> <span class='ocrx_word' id='word_1_33' title='bbox 684 1053 811 1109; x_wconf 87' lang='lat' dir='ltr'>offendet</span> <span class='ocrx_word' id='word_1_34' title='bbox 824 1053 972 1127; x_wconf 90' lang='lat' dir='ltr'>garrulus:</span> <span class='ocrx_word' id='word_1_35' title='bbox 993 1051 1069 1111; x_wconf 66' lang='lat' dir='ltr'>ultra</span> 
     </span>
    </p>

    <p class='ocr_par' dir='ltr' id='par_1_7' title="bbox 318 1129 1038 1207">
     <span class='ocr_line' id='line_1_7' title="bbox 318 1129 1038 1207; baseline -0.001 -17"><span class='ocrx_word' id='word_1_36' title='bbox 318 1129 387 1191; x_wconf 83' lang='lat' dir='ltr'>Non</span> <span class='ocrx_word' id='word_1_37' title='bbox 403 1132 488 1191; x_wconf 89' lang='lat' dir='ltr'>etiam</span> <span class='ocrx_word' id='word_1_38' title='bbox 503 1132 594 1189; x_wconf 86' lang='lat' dir='ltr'>sileas.</span> <span class='ocrx_word' id='word_1_39' title='bbox 636 1131 733 1188; x_wconf 87' lang='lat' dir='ltr'>Davus</span> <span class='ocrx_word' id='word_1_40' title='bbox 747 1132 786 1187; x_wconf 89' lang='lat' dir='ltr'>sis</span> <span class='ocrx_word' id='word_1_41' title='bbox 799 1131 937 1204; x_wconf 87' lang='lat' dir='ltr'>comicus,</span> <span class='ocrx_word' id='word_1_42' title='bbox 953 1142 1038 1207; x_wconf 87' lang='lat' dir='ltr'>atque</span> 
     </span>
    </p>

    <p class='ocr_par' dir='ltr' id='par_1_8' title="bbox 320 1206 1041 1287">
     <span class='ocr_line' id='line_1_8' title="bbox 320 1206 1041 1287; baseline -0.001 -17"><span class='ocrx_word' id='word_1_43' title='bbox 320 1213 385 1270; x_wconf 87' lang='lat' dir='ltr'>Stes</span> <span class='ocrx_word' id='word_1_44' title='bbox 399 1212 492 1287; x_wconf 89' lang='lat' dir='ltr'>capite</span> <span class='ocrx_word' id='word_1_45' title='bbox 506 1211 627 1286; x_wconf 90' lang='lat' dir='ltr'>obstipo,</span> <span class='ocrx_word' id='word_1_46' title='bbox 642 1206 763 1266; x_wconf 73' lang='lat' dir='ltr'>multum</span> <span class='ocrx_word' id='word_1_47' title='bbox 779 1210 878 1266; x_wconf 89' lang='lat' dir='ltr'>similis</span> <span class='ocrx_word' id='word_1_48' title='bbox 892 1210 1041 1269; x_wconf 88' lang='lat' dir='ltr'>metuenti.</span> 
     </span>
    </p>

    <p class='ocr_par' dir='ltr' id='par_1_9' title="bbox 318 1289 1027 1365">
     <span class='ocr_line' id='line_1_9' title="bbox 318 1289 1027 1365; baseline -0.003 -16"><span class='ocrx_word' id='word_1_49' title='bbox 318 1291 465 1365; x_wconf 89' lang='lat' dir='ltr'>Obsequio</span> <span class='ocrx_word' id='word_1_50' title='bbox 478 1308 624 1365; x_wconf 84' lang='lat' dir='ltr'>grassare:</span> <span class='ocrx_word' id='word_1_51' title='bbox 645 1308 740 1361; x_wconf 84' lang='lat' dir='ltr'>mone,</span> <span class='ocrx_word' id='word_1_52' title='bbox 754 1289 778 1346; x_wconf 91' lang='lat' dir='ltr'>si</span> <span class='ocrx_word' id='word_1_53' title='bbox 792 1290 935 1347; x_wconf 82' lang='lat' dir='ltr'>increbuit</span> <span class='ocrx_word' id='word_1_54' title='bbox 948 1310 1027 1362; x_wconf 87' lang='lat' dir='ltr'>aura,</span> 
     </span>
    </p>

    <p class='ocr_par' dir='ltr' id='par_1_10' title="bbox 319 1366 1047 1444">
     <span class='ocr_line' id='line_1_10' title="bbox 319 1366 1047 1444; baseline 0 -17"><span class='ocrx_word' id='word_1_55' title='bbox 319 1370 430 1427; x_wconf 86' lang='lat' dir='ltr'>Cautus</span> <span class='ocrx_word' id='word_1_56' title='bbox 443 1366 485 1426; x_wconf 88' lang='lat' dir='ltr'>uti</span> <span class='ocrx_word' id='word_1_57' title='bbox 500 1369 572 1425; x_wconf 89' lang='lat' dir='ltr'>velet</span> <span class='ocrx_word' id='word_1_58' title='bbox 587 1386 686 1425; x_wconf 89' lang='lat' dir='ltr'>carum</span> <span class='ocrx_word' id='word_1_59' title='bbox 700 1378 802 1444; x_wconf 88' lang='lat' dir='ltr'>caput:</span> <span class='ocrx_word' id='word_1_60' title='bbox 823 1370 940 1427; x_wconf 83' lang='lat' dir='ltr'>extrahe</span> <span class='ocrx_word' id='word_1_61' title='bbox 954 1370 1047 1442; x_wconf 80' lang='lat' dir='ltr'>turbs,</span> 
     </span>
    </p>

    <p class='ocr_par' dir='ltr' id='par_1_11' title="bbox 318 1446 1053 1525">
     <span class='ocr_line' id='line_1_11' title="bbox 318 1446 1053 1525; baseline 0.001 -19"><span class='ocrx_word' id='word_1_62' title='bbox 318 1448 464 1525; x_wconf 89' lang='lat' dir='ltr'>Oppositis</span> <span class='ocrx_word' id='word_1_63' title='bbox 477 1446 623 1504; x_wconf 90' lang='lat' dir='ltr'>humeris:</span> <span class='ocrx_word' id='word_1_64' title='bbox 644 1466 742 1505; x_wconf 89' lang='lat' dir='ltr'>aurem</span> <span class='ocrx_word' id='word_1_65' title='bbox 757 1448 919 1524; x_wconf 85' lang='lat' dir='ltr'>substringe</span> <span class='ocrx_word' id='word_1_66' title='bbox 932 1448 1053 1524; x_wconf 92' lang='lat' dir='ltr'>loquaci.</span> 
     </span>
    </p>

    <p class='ocr_par' dir='ltr' id='par_1_12' title="bbox 318 1526 1274 1683">
     <span class='ocr_line' id='line_1_12' title="bbox 318 1526 1274 1605; baseline 0.004 -20"><span class='ocrx_word' id='word_1_67' title='bbox 318 1526 503 1603; x_wconf 91' lang='lat' dir='ltr'>Importunus</span> <span class='ocrx_word' id='word_1_68' title='bbox 517 1537 593 1584; x_wconf 88' lang='lat' dir='ltr'>amat</span> <span class='ocrx_word' id='word_1_69' title='bbox 606 1526 736 1584; x_wconf 90' lang='lat' dir='ltr'>laudaril</span> <span class='ocrx_word' id='word_1_70' title='bbox 757 1528 859 1599; x_wconf 90' lang='lat' dir='ltr'>donec,</span> <span class='ocrx_word' id='word_1_71' title='bbox 872 1532 890 1558; x_wconf 89' lang='lat'>“</span> <span class='ocrx_word' id='word_1_72' title='bbox 902 1527 987 1585; x_wconf 90' lang='lat' dir='ltr'>Ohe!</span> <span class='ocrx_word' id='word_1_73' title='bbox 1006 1528 1066 1605; x_wconf 89' lang='lat' dir='ltr'>jam</span> <span class='ocrx_word' id='word_1_74' title='bbox 1075 1528 1102 1586; x_wconf 84' lang='lat'>!&#39;&#39;</span> <span class='ocrx_word' id='word_1_75' title='bbox 1232 1529 1274 1589; x_wconf 81' lang='grc'>85</span> 
     </span>
     <span class='ocr_line' id='line_1_13' title="bbox 318 1605 1056 1683; baseline 0.001 -19"><span class='ocrx_word' id='word_1_76' title='bbox 318 1608 367 1664; x_wconf 89' lang='lat' dir='ltr'>Ad</span> <span class='ocrx_word' id='word_1_77' title='bbox 381 1606 486 1663; x_wconf 89' lang='lat' dir='ltr'>ooelum</span> <span class='ocrx_word' id='word_1_78' title='bbox 501 1606 633 1663; x_wconf 91' lang='lat' dir='ltr'>manibus</span> <span class='ocrx_word' id='word_1_79' title='bbox 647 1605 775 1678; x_wconf 66' lang='lat' dir='ltr'>sublatis</span> <span class='ocrx_word' id='word_1_80' title='bbox 790 1606 902 1679; x_wconf 86' lang='lat' dir='ltr'>dixerit,</span> <span class='ocrx_word' id='word_1_81' title='bbox 918 1626 986 1683; x_wconf 90' lang='lat' dir='ltr'>urge</span> <span class='ocrx_word' id='word_1_82' title='bbox 998 1627 1005 1677; x_wconf 84' lang='lat'><em>3</em></span> <span class='ocrx_word' id='word_1_83' title='bbox 1027 1619 1056 1665; x_wconf 92' lang='lat' dir='ltr'>et</span> 
     </span>
    </p>

    <p class='ocr_par' dir='ltr' id='par_1_13' title="bbox 318 1684 1025 1744">
     <span class='ocr_line' id='line_1_14' title="bbox 318 1684 1025 1744; baseline 0.001 -1"><span class='ocrx_word' id='word_1_84' title='bbox 318 1686 506 1744; x_wconf 87' lang='lat' dir='ltr'>Crescentem</span> <span class='ocrx_word' id='word_1_85' title='bbox 519 1684 637 1743; x_wconf 89' lang='lat' dir='ltr'>tumidis</span> <span class='ocrx_word' id='word_1_86' title='bbox 650 1684 718 1743; x_wconf 88' lang='lat' dir='ltr'>infla</span> <span class='ocrx_word' id='word_1_87' title='bbox 732 1686 911 1744; x_wconf 88' lang='lat' dir='ltr'>sermonibus</span> <span class='ocrx_word' id='word_1_88' title='bbox 924 1697 1025 1744; x_wconf 88' lang='lat' dir='ltr'>utrem.</span> 
     </span>
    </p>

    <p class='ocr_par' dir='ltr' id='par_1_14' title="bbox 319 1764 962 1841">
     <span class='ocr_line' id='line_1_15' title="bbox 319 1764 962 1841; baseline -0.006 -14"><span class='ocrx_word' id='word_1_89' title='bbox 319 1765 422 1827; x_wconf 78' lang='lat' dir='ltr'>Quum</span> <span class='ocrx_word' id='word_1_90' title='bbox 435 1776 464 1823; x_wconf 93' lang='lat' dir='ltr'>te</span> <span class='ocrx_word' id='word_1_91' title='bbox 478 1764 592 1823; x_wconf 89' lang='lat' dir='ltr'>servitio</span> <span class='ocrx_word' id='word_1_92' title='bbox 603 1765 689 1841; x_wconf 92' lang='lat' dir='ltr'>longo</span> <span class='ocrx_word' id='word_1_93' title='bbox 704 1764 830 1840; x_wconf 71' lang='lat' dir='ltr'>curaque</span> <span class='ocrx_word' id='word_1_94' title='bbox 843 1765 944 1823; x_wconf 71' lang='lat' dir='ltr'>levarit</span> <span class='ocrx_word' id='word_1_95' title='bbox 955 1785 962 1836; x_wconf 92' lang='lat'>;</span> 
     </span>
    </p>

    <p class='ocr_par' dir='ltr' id='par_1_15' title="bbox 318 1841 1275 2238">
     <span class='ocr_line' id='line_1_16' title="bbox 318 1841 1122 1920; baseline 0 -18"><span class='ocrx_word' id='word_1_96' title='bbox 318 1844 357 1903; x_wconf 87' lang='lat' dir='ltr'>Et</span> <span class='ocrx_word' id='word_1_97' title='bbox 370 1841 480 1904; x_wconf 72' lang='lat' dir='ltr'>certum</span> <span class='ocrx_word' id='word_1_98' title='bbox 495 1843 624 1920; x_wconf 87' lang='lat' dir='ltr'>vigilans,</span> <span class='ocrx_word' id='word_1_99' title='bbox 636 1848 654 1874; x_wconf 89' lang='lat'><strong>“</strong></span> <span class='ocrx_word' id='word_1_100' title='bbox 668 1844 788 1906; x_wconf 82' lang='lat' dir='ltr'>Quartae</span> <span class='ocrx_word' id='word_1_101' title='bbox 802 1857 863 1902; x_wconf 87' lang='lat' dir='ltr'>esto</span> <span class='ocrx_word' id='word_1_102' title='bbox 876 1844 964 1920; x_wconf 87' lang='lat' dir='ltr'>partis</span> <span class='ocrx_word' id='word_1_103' title='bbox 976 1844 1122 1920; x_wconf 86' lang='lat' dir='ltr'>Ulysses,’&#39;</span> 
     </span>
     <span class='ocr_line' id='line_1_17' title="bbox 318 1922 1275 1999; baseline 0.004 -19"><span class='ocrx_word' id='word_1_104' title='bbox 318 1923 467 1998; x_wconf 85' lang='lat' dir='ltr'>Audieris,</span> <span class='ocrx_word' id='word_1_105' title='bbox 476 1927 494 1955; x_wconf 87' lang='lat'><strong><em>“</em></strong></span> <span class='ocrx_word' id='word_1_106' title='bbox 509 1924 600 1981; x_wconf 82' lang='lat' dir='ltr'>haeres</span> <span class='ocrx_word' id='word_1_107' title='bbox 609 1925 644 1981; x_wconf 88' lang='lat'>”:</span> <span class='ocrx_word' id='word_1_108' title='bbox 666 1927 684 1954; x_wconf 83' lang='lat'>‘⁴</span> <span class='ocrx_word' id='word_1_109' title='bbox 695 1923 772 1999; x_wconf 87' lang='lat' dir='ltr'>Ergo</span> <span class='ocrx_word' id='word_1_110' title='bbox 785 1942 864 1980; x_wconf 91' lang='lat' dir='ltr'>nunc</span> <span class='ocrx_word' id='word_1_111' title='bbox 877 1922 971 1981; x_wconf 88' lang='lat' dir='ltr'>Darna</span> <span class='ocrx_word' id='word_1_112' title='bbox 984 1924 1089 1982; x_wconf 83' lang='lat' dir='ltr'>sodalis</span> <span class='ocrx_word' id='word_1_113' title='bbox 1234 1925 1275 1984; x_wconf 79' lang='lat'>90</span> 
     </span>
     <span class='ocr_line' id='line_1_18' title="bbox 318 2002 1205 2079; baseline 0.002 -19"><span class='ocrx_word' id='word_1_114' title='bbox 318 2002 469 2079; x_wconf 88' lang='lat' dir='ltr'>Nusquam</span> <span class='ocrx_word' id='word_1_115' title='bbox 482 2004 538 2060; x_wconf 89' lang='lat' dir='ltr'>est!</span> <span class='ocrx_word' id='word_1_116' title='bbox 560 2003 637 2060; x_wconf 91' lang='lat' dir='ltr'>unde</span> <span class='ocrx_word' id='word_1_117' title='bbox 651 2002 721 2060; x_wconf 91' lang='lat' dir='ltr'>mihi</span> <span class='ocrx_word' id='word_1_118' title='bbox 736 2013 794 2059; x_wconf 93' lang='lat' dir='ltr'>tam</span> <span class='ocrx_word' id='word_1_119' title='bbox 809 2003 909 2060; x_wconf 88' lang='lat' dir='ltr'>fortem</span> <span class='ocrx_word' id='word_1_120' title='bbox 923 2013 1037 2077; x_wconf 89' lang='lat' dir='ltr'>tamque</span> <span class='ocrx_word' id='word_1_121' title='bbox 1050 2002 1163 2061; x_wconf 89' lang='lat' dir='ltr'>fidelem</span> <span class='ocrx_word' id='word_1_122' title='bbox 1174 2004 1205 2062; x_wconf 76' lang='lat' dir='ltr'>l”</span> 
     </span>
     <span class='ocr_line' id='line_1_19' title="bbox 318 2077 1201 2159; baseline 0.002 -20"><span class='ocrx_word' id='word_1_123' title='bbox 318 2082 427 2159; x_wconf 84' lang='lat' dir='ltr'>Sparge</span> <span class='ocrx_word' id='word_1_124' title='bbox 441 2082 579 2141; x_wconf 91' lang='lat' dir='ltr'>subinde:</span> <span class='ocrx_word' id='word_1_125' title='bbox 601 2092 638 2153; x_wconf 86' lang='lat' dir='ltr'>et,</span> <span class='ocrx_word' id='word_1_126' title='bbox 653 2081 675 2137; x_wconf 91' lang='lat' dir='ltr'>si</span> <span class='ocrx_word' id='word_1_127' title='bbox 687 2077 804 2156; x_wconf 78' lang='lat' dir='ltr'>paulirm</span> <span class='ocrx_word' id='word_1_128' title='bbox 817 2092 907 2157; x_wconf 88' lang='lat' dir='ltr'>potes,</span> <span class='ocrx_word' id='word_1_129' title='bbox 921 2082 1107 2157; x_wconf 87' lang='lat' dir='ltr'>illacrymare.</span> <span class='ocrx_word' id='word_1_130' title='bbox 1147 2082 1201 2141; x_wconf 74' lang='lat' dir='ltr'>Est</span> 
     </span>
     <span class='ocr_line' id='line_1_20' title="bbox 318 2158 1074 2238; baseline -0.001 -20"><span class='ocrx_word' id='word_1_131' title='bbox 318 2161 432 2220; x_wconf 89' lang='lat' dir='ltr'>Gaudia</span> <span class='ocrx_word' id='word_1_132' title='bbox 445 2162 612 2238; x_wconf 85' lang='lat' dir='ltr'>prodentem</span> <span class='ocrx_word' id='word_1_133' title='bbox 626 2158 734 2217; x_wconf 88' lang='lat' dir='ltr'>vultum</span> <span class='ocrx_word' id='word_1_134' title='bbox 749 2160 852 2217; x_wconf 89' lang='lat' dir='ltr'>celare.</span> <span class='ocrx_word' id='word_1_135' title='bbox 894 2161 1074 2236; x_wconf 89' lang='lat' dir='ltr'>Sepulcrum,</span> 
     </span>
    </p>

    <p class='ocr_par' dir='ltr' id='par_1_16' title="bbox 319 2238 1109 2310">
     <span class='ocr_line' id='line_1_21' title="bbox 319 2238 1109 2310; baseline 0 -12"><span class='ocrx_word' id='word_1_136' title='bbox 319 2240 498 2299; x_wconf 88' lang='lat' dir='ltr'>Permissum</span> <span class='ocrx_word' id='word_1_137' title='bbox 512 2239 636 2310; x_wconf 86' lang='lat' dir='ltr'>arbitrio,</span> <span class='ocrx_word' id='word_1_138' title='bbox 650 2238 712 2295; x_wconf 89' lang='lat' dir='ltr'>sine</span> <span class='ocrx_word' id='word_1_139' title='bbox 726 2239 857 2296; x_wconf 87' lang='lat' dir='ltr'>sordibus</span> <span class='ocrx_word' id='word_1_140' title='bbox 870 2250 1001 2297; x_wconf 84' lang='lat' dir='ltr'>exstrue:</span> <span class='ocrx_word' id='word_1_141' title='bbox 1022 2240 1109 2298; x_wconf 87' lang='lat' dir='ltr'>funus</span> 
     </span>
    </p>

    <p class='ocr_par' dir='ltr' id='par_1_17' title="bbox 318 2315 1272 2472">
     <span class='ocr_line' id='line_1_22' title="bbox 318 2315 1272 2395; baseline 0.004 -18"><span class='ocrx_word' id='word_1_142' title='bbox 318 2315 443 2395; x_wconf 72' lang='lat' dir='ltr'>Egregie</span> <span class='ocrx_word' id='word_1_143' title='bbox 458 2317 564 2375; x_wconf 86' lang='lat' dir='ltr'>facturn</span> <span class='ocrx_word' id='word_1_144' title='bbox 578 2318 675 2375; x_wconf 86' lang='lat' dir='ltr'>laudet</span> <span class='ocrx_word' id='word_1_145' title='bbox 689 2316 803 2375; x_wconf 89' lang='lat' dir='ltr'>vicinia.</span> <span class='ocrx_word' id='word_1_146' title='bbox 845 2318 954 2394; x_wconf 88' lang='lat' dir='ltr'>Siquis</span> <span class='ocrx_word' id='word_1_147' title='bbox 1230 2322 1272 2381; x_wconf 82' lang='lat'>95</span> 
     </span>
     <span class='ocr_line' id='line_1_23' title="bbox 318 2394 1054 2472; baseline 0.001 -16"><span class='ocrx_word' id='word_1_148' title='bbox 318 2394 407 2458; x_wconf 69' lang='lat' dir='ltr'>Forte</span> <span class='ocrx_word' id='word_1_149' title='bbox 421 2397 604 2457; x_wconf 77' lang='lat' dir='ltr'>coheredum</span> <span class='ocrx_word' id='word_1_150' title='bbox 617 2396 712 2457; x_wconf 91' lang='lat' dir='ltr'>senior</span> <span class='ocrx_word' id='word_1_151' title='bbox 725 2394 801 2456; x_wconf 78' lang='lat' dir='ltr'>male</span> <span class='ocrx_word' id='word_1_152' title='bbox 815 2398 926 2472; x_wconf 84' lang='lat' dir='ltr'>tussiet,</span> <span class='ocrx_word' id='word_1_153' title='bbox 940 2398 1009 2458; x_wconf 91' lang='lat' dir='ltr'>huic</span> <span class='ocrx_word' id='word_1_154' title='bbox 1022 2409 1054 2458; x_wconf 91' lang='lat' dir='ltr'>tu</span> 
     </span>
    </p>

    <p class='ocr_par' dir='ltr' id='par_1_18' title="bbox 317 2477 1001 2555">
     <span class='ocr_line' id='line_1_24' title="bbox 317 2477 1001 2555; baseline 0.001 -19"><span class='ocrx_word' id='word_1_155' title='bbox 317 2477 386 2552; x_wconf 90' lang='lat' dir='ltr'>Dic,</span> <span class='ocrx_word' id='word_1_156' title='bbox 400 2489 526 2555; x_wconf 86' lang='lat' dir='ltr'>exparte</span> <span class='ocrx_word' id='word_1_157' title='bbox 539 2477 600 2551; x_wconf 72' lang='lat' dir='ltr'>tuh,</span> <span class='ocrx_word' id='word_1_158' title='bbox 614 2496 666 2535; x_wconf 90' lang='lat' dir='ltr'>seu</span> <span class='ocrx_word' id='word_1_159' title='bbox 680 2478 761 2536; x_wconf 87' lang='lat' dir='ltr'>fundi</span> <span class='ocrx_word' id='word_1_160' title='bbox 775 2478 834 2536; x_wconf 88' lang='lat' dir='ltr'>sive</span> <span class='ocrx_word' id='word_1_161' title='bbox 848 2478 950 2537; x_wconf 80' lang='lat' dir='ltr'>domris</span> <span class='ocrx_word' id='word_1_162' title='bbox 963 2479 1001 2537; x_wconf 86' lang='lat' dir='ltr'>sit</span> 
     </span>
    </p>

    <p class='ocr_par' dir='ltr' id='par_1_19' title="bbox 318 2557 1122 2717">
     <span class='ocr_line' id='line_1_25' title="bbox 318 2557 1122 2636; baseline 0.002 -21"><span class='ocrx_word' id='word_1_163' title='bbox 318 2557 448 2635; x_wconf 87' lang='lat' dir='ltr'>Emptor,</span> <span class='ocrx_word' id='word_1_164' title='bbox 461 2558 635 2636; x_wconf 87' lang='lat' dir='ltr'>gaudentem</span> <span class='ocrx_word' id='word_1_165' title='bbox 648 2577 766 2616; x_wconf 91' lang='lat' dir='ltr'>nummo</span> <span class='ocrx_word' id='word_1_166' title='bbox 777 2569 805 2618; x_wconf 89' lang='lat' dir='ltr'>te</span> <span class='ocrx_word' id='word_1_167' title='bbox 819 2559 960 2618; x_wconf 90' lang='lat' dir='ltr'>addicere.</span> <span class='ocrx_word' id='word_1_168' title='bbox 1002 2559 1061 2618; x_wconf 88' lang='lat' dir='ltr'>Sed</span> <span class='ocrx_word' id='word_1_169' title='bbox 1074 2578 1122 2617; x_wconf 90' lang='lat' dir='ltr'>me</span> 
     </span>
     <span class='ocr_line' id='line_1_26' title="bbox 318 2635 1005 2717; baseline 0.004 -22"><span class='ocrx_word' id='word_1_170' title='bbox 318 2635 476 2717; x_wconf 88' lang='lat' dir='ltr'>Imperiosa</span> <span class='ocrx_word' id='word_1_171' title='bbox 489 2637 575 2698; x_wconf 88' lang='lat' dir='ltr'>trahit</span> <span class='ocrx_word' id='word_1_172' title='bbox 585 2637 772 2717; x_wconf 87' lang='lat' dir='ltr'>Proserpina:</span> <span class='ocrx_word' id='word_1_173' title='bbox 793 2639 866 2714; x_wconf 85' lang='lat' dir='ltr'>vive,</span> <span class='ocrx_word' id='word_1_174' title='bbox 879 2640 1005 2717; x_wconf 84' lang='lat' dir='ltr'>valeque.</span> 
     </span>
    </p>
   </div>
   <div class='ocr_carea' id='block_1_3' title="bbox 663 2994 890 3054">
    <p class='ocr_par' dir='ltr' id='par_1_20' title="bbox 663 2994 890 3054">
     <span class='ocr_line' id='line_1_27' title="bbox 663 2994 890 3054; baseline 0.004 -1"><span class='ocrx_word' id='word_1_175' title='bbox 663 2994 822 3053; x_wconf 84' lang='lat' dir='ltr'>SATIRA</span> <span class='ocrx_word' id='word_1_176' title='bbox 836 2994 890 3054; x_wconf 89' lang='lat' dir='ltr'>VI.</span> 
     </span>
    </p>
   </div>
   <div class='ocr_carea' id='block_1_4' title="bbox 233 3111 1271 4219">
    <p class='ocr_par' dir='ltr' id='par_1_21' title="bbox 317 3111 1271 3584">
     <span class='ocr_line' id='line_1_28' title="bbox 318 3111 1073 3188; baseline -0.004 -16"><span class='ocrx_word' id='word_1_177' title='bbox 318 3113 386 3172; x_wconf 89' lang='lat' dir='ltr'>Hoc</span> <span class='ocrx_word' id='word_1_178' title='bbox 400 3122 460 3171; x_wconf 88' lang='lat' dir='ltr'>erat</span> <span class='ocrx_word' id='word_1_179' title='bbox 474 3113 504 3170; x_wconf 91' lang='lat' dir='ltr'>in</span> <span class='ocrx_word' id='word_1_180' title='bbox 517 3112 604 3170; x_wconf 89' lang='lat' dir='ltr'>votis:</span> <span class='ocrx_word' id='word_1_181' title='bbox 625 3112 728 3170; x_wconf 89' lang='lat' dir='ltr'>modus</span> <span class='ocrx_word' id='word_1_182' title='bbox 741 3112 802 3188; x_wconf 88' lang='lat' dir='ltr'>agri</span> <span class='ocrx_word' id='word_1_183' title='bbox 815 3131 873 3170; x_wconf 91' lang='lat' dir='ltr'>non</span> <span class='ocrx_word' id='word_1_184' title='bbox 888 3111 929 3169; x_wconf 91' lang='lat' dir='ltr'>ita</span> <span class='ocrx_word' id='word_1_185' title='bbox 942 3130 1073 3188; x_wconf 88' lang='lat' dir='ltr'>magnus,</span> 
     </span>
     <span class='ocr_line' id='line_1_29' title="bbox 318 3189 1028 3266; baseline -0.004 -15"><span class='ocrx_word' id='word_1_186' title='bbox 318 3192 429 3251; x_wconf 91' lang='lat' dir='ltr'>Hortus</span> <span class='ocrx_word' id='word_1_187' title='bbox 443 3191 501 3264; x_wconf 88' lang='lat' dir='ltr'>ubi,</span> <span class='ocrx_word' id='word_1_188' title='bbox 516 3201 545 3248; x_wconf 90' lang='lat' dir='ltr'>et</span> <span class='ocrx_word' id='word_1_189' title='bbox 558 3201 634 3248; x_wconf 90' lang='lat' dir='ltr'>tecto</span> <span class='ocrx_word' id='word_1_190' title='bbox 647 3189 759 3248; x_wconf 85' lang='lat' dir='ltr'>vicinus</span> <span class='ocrx_word' id='word_1_191' title='bbox 770 3190 847 3266; x_wconf 87' lang='lat' dir='ltr'>jugis</span> <span class='ocrx_word' id='word_1_192' title='bbox 861 3208 941 3265; x_wconf 72' lang='lat' dir='ltr'>aquae</span> <span class='ocrx_word' id='word_1_193' title='bbox 955 3191 1028 3263; x_wconf 88' lang='lat' dir='ltr'>fons,</span> 
     </span>
     <span class='ocr_line' id='line_1_30' title="bbox 317 3266 1087 3348; baseline -0.001 -19"><span class='ocrx_word' id='word_1_194' title='bbox 317 3271 357 3329; x_wconf 89' lang='lat' dir='ltr'>Et</span> <span class='ocrx_word' id='word_1_195' title='bbox 370 3270 484 3348; x_wconf 90' lang='lat' dir='ltr'>paulum</span> <span class='ocrx_word' id='word_1_196' title='bbox 499 3270 575 3326; x_wconf 81' lang='lat' dir='ltr'>silvae</span> <span class='ocrx_word' id='word_1_197' title='bbox 590 3287 674 3345; x_wconf 89' lang='lat' dir='ltr'>super</span> <span class='ocrx_word' id='word_1_198' title='bbox 688 3268 733 3326; x_wconf 87' lang='lat' dir='ltr'>his</span> <span class='ocrx_word' id='word_1_199' title='bbox 747 3270 826 3327; x_wconf 89' lang='lat' dir='ltr'>foret.</span> <span class='ocrx_word' id='word_1_200' title='bbox 868 3266 993 3327; x_wconf 77' lang='lat' dir='ltr'>Auctiris</span> <span class='ocrx_word' id='word_1_201' title='bbox 1003 3281 1087 3345; x_wconf 89' lang='lat' dir='ltr'>atque</span> 
     </span>
     <span class='ocr_line' id='line_1_31' title="bbox 317 3346 1090 3424; baseline 0.001 -17"><span class='ocrx_word' id='word_1_202' title='bbox 317 3349 356 3408; x_wconf 86' lang='lat' dir='ltr'>Di</span> <span class='ocrx_word' id='word_1_203' title='bbox 370 3346 473 3408; x_wconf 76' lang='lat' dir='ltr'>melius</span> <span class='ocrx_word' id='word_1_204' title='bbox 487 3346 603 3407; x_wconf 71' lang='lat' dir='ltr'>fecere:</span> <span class='ocrx_word' id='word_1_205' title='bbox 624 3348 698 3405; x_wconf 88' lang='lat' dir='ltr'>bene</span> <span class='ocrx_word' id='word_1_206' title='bbox 712 3359 763 3407; x_wconf 87' lang='lat' dir='ltr'>est.</span> <span class='ocrx_word' id='word_1_207' title='bbox 805 3347 886 3408; x_wconf 91' lang='lat' dir='ltr'>Nihil</span> <span class='ocrx_word' id='word_1_208' title='bbox 898 3349 1018 3424; x_wconf 87' lang='lat' dir='ltr'>amplius</span> <span class='ocrx_word' id='word_1_209' title='bbox 1030 3369 1090 3422; x_wconf 89' lang='lat' dir='ltr'>oro,</span> 
     </span>
     <span class='ocr_line' id='line_1_32' title="bbox 317 3426 1271 3504; baseline 0.005 -19"><span class='ocrx_word' id='word_1_210' title='bbox 317 3428 397 3487; x_wconf 70' lang='lat' dir='ltr'>Maia</span> <span class='ocrx_word' id='word_1_211' title='bbox 410 3439 487 3501; x_wconf 89' lang='lat' dir='ltr'>nate,</span> <span class='ocrx_word' id='word_1_212' title='bbox 502 3426 557 3485; x_wconf 93' lang='lat' dir='ltr'>nisi</span> <span class='ocrx_word' id='word_1_213' title='bbox 567 3438 600 3485; x_wconf 93' lang='lat' dir='ltr'>ut</span> <span class='ocrx_word' id='word_1_214' title='bbox 611 3427 725 3504; x_wconf 90' lang='lat' dir='ltr'>propria</span> <span class='ocrx_word' id='word_1_215' title='bbox 738 3428 801 3485; x_wconf 83' lang='lat' dir='ltr'>haec</span> <span class='ocrx_word' id='word_1_216' title='bbox 815 3428 885 3486; x_wconf 88' lang='lat' dir='ltr'>mihi</span> <span class='ocrx_word' id='word_1_217' title='bbox 898 3446 1018 3487; x_wconf 87' lang='lat' dir='ltr'>munera</span> <span class='ocrx_word' id='word_1_218' title='bbox 1031 3427 1111 3486; x_wconf 82' lang='lat' dir='ltr'>saxis.</span> <span class='ocrx_word' id='word_1_219' title='bbox 1249 3432 1271 3490; x_wconf 83' lang='lat'>5</span> 
     </span>
     <span class='ocr_line' id='line_1_33' title="bbox 317 3506 972 3584; baseline -0.002 -19"><span class='ocrx_word' id='word_1_220' title='bbox 317 3508 349 3565; x_wconf 92' lang='lat' dir='ltr'>Si</span> <span class='ocrx_word' id='word_1_221' title='bbox 364 3527 457 3584; x_wconf 89' lang='lat' dir='ltr'>neque</span> <span class='ocrx_word' id='word_1_222' title='bbox 471 3507 606 3584; x_wconf 89' lang='lat' dir='ltr'>majorem</span> <span class='ocrx_word' id='word_1_223' title='bbox 620 3506 676 3565; x_wconf 92' lang='lat' dir='ltr'>seci</span> <span class='ocrx_word' id='word_1_224' title='bbox 689 3507 800 3566; x_wconf 90' lang='lat' dir='ltr'>ratione</span> <span class='ocrx_word' id='word_1_225' title='bbox 814 3508 889 3566; x_wconf 77' lang='lat' dir='ltr'>mala</span> <span class='ocrx_word' id='word_1_226' title='bbox 902 3527 972 3582; x_wconf 89' lang='lat' dir='ltr'>rem,</span> 
     </span>
    </p>

    <p class='ocr_par' dir='ltr' id='par_1_22' title="bbox 233 3586 1269 4219">
     <span class='ocr_line' id='line_1_34' title="bbox 233 3586 984 3664; baseline -0.001 -20"><span class='ocrx_word' id='word_1_227' title='bbox 233 3622 234 3626; x_wconf 61' lang='lat'><em>=</em></span> <span class='ocrx_word' id='word_1_228' title='bbox 316 3586 383 3646; x_wconf 90' lang='lat' dir='ltr'>Nec</span> <span class='ocrx_word' id='word_1_229' title='bbox 396 3607 459 3646; x_wconf 92' lang='lat' dir='ltr'>sum</span> <span class='ocrx_word' id='word_1_230' title='bbox 473 3587 599 3645; x_wconf 82' lang='lat' dir='ltr'>secturus</span> <span class='ocrx_word' id='word_1_231' title='bbox 612 3586 680 3645; x_wconf 85' lang='lat' dir='ltr'>vitio</span> <span class='ocrx_word' id='word_1_232' title='bbox 694 3588 815 3664; x_wconf 68' lang='lat' dir='ltr'>culpave</span> <span class='ocrx_word' id='word_1_233' title='bbox 829 3588 984 3658; x_wconf 84' lang='lat' dir='ltr'>minorem3</span> 
     </span>
     <span class='ocr_line' id='line_1_35' title="bbox 317 3663 1110 3743; baseline 0 -20"><span class='ocrx_word' id='word_1_234' title='bbox 317 3666 349 3723; x_wconf 94' lang='lat' dir='ltr'>Si</span> <span class='ocrx_word' id='word_1_235' title='bbox 364 3686 481 3726; x_wconf 87' lang='lat' dir='ltr'>veneror</span> <span class='ocrx_word' id='word_1_236' title='bbox 495 3667 597 3725; x_wconf 87' lang='lat' dir='ltr'>stultus</span> <span class='ocrx_word' id='word_1_237' title='bbox 610 3666 682 3724; x_wconf 91' lang='lat' dir='ltr'>nihil</span> <span class='ocrx_word' id='word_1_238' title='bbox 696 3668 807 3740; x_wconf 88' lang='lat' dir='ltr'>horum,</span> <span class='ocrx_word' id='word_1_239' title='bbox 819 3671 837 3699; x_wconf 89' lang='lat'><strong><em>“</em></strong></span> <span class='ocrx_word' id='word_1_240' title='bbox 846 3667 874 3725; x_wconf 95' lang='grc' dir='ltr'>Ο</span> <span class='ocrx_word' id='word_1_241' title='bbox 889 3666 913 3725; x_wconf 90' lang='lat' dir='ltr'>si</span> <span class='ocrx_word' id='word_1_242' title='bbox 927 3664 1049 3743; x_wconf 89' lang='lat' dir='ltr'>angulus</span> <span class='ocrx_word' id='word_1_243' title='bbox 1062 3663 1110 3723; x_wconf 90' lang='lat' dir='ltr'>ille</span> 
     </span>
     <span class='ocr_line' id='line_1_36' title="bbox 316 3745 1080 3822; baseline 0.001 -20"><span class='ocrx_word' id='word_1_244' title='bbox 316 3745 467 3804; x_wconf 86' lang='lat' dir='ltr'>Proximus</span> <span class='ocrx_word' id='word_1_245' title='bbox 481 3747 609 3818; x_wconf 88' lang='lat' dir='ltr'>accedat,</span> <span class='ocrx_word' id='word_1_246' title='bbox 623 3746 672 3820; x_wconf 90' lang='lat' dir='ltr'>qui</span> <span class='ocrx_word' id='word_1_247' title='bbox 685 3764 764 3803; x_wconf 90' lang='lat' dir='ltr'>nunc</span> <span class='ocrx_word' id='word_1_248' title='bbox 779 3746 928 3804; x_wconf 87' lang='lat' dir='ltr'>denormat</span> <span class='ocrx_word' id='word_1_249' title='bbox 941 3745 1080 3822; x_wconf 80' lang='lat' dir='ltr'>agellum!</span> 
     </span>
     <span class='ocr_line' id='line_1_37' title="bbox 315 3822 1269 3900; baseline 0.001 -18"><span class='ocrx_word' id='word_1_250' title='bbox 315 3823 344 3881; x_wconf 92' lang='grc' dir='ltr'>Ο</span> <span class='ocrx_word' id='word_1_251' title='bbox 359 3825 383 3882; x_wconf 88' lang='lat' dir='ltr'>si</span> <span class='ocrx_word' id='word_1_252' title='bbox 397 3844 498 3882; x_wconf 91' lang='lat' dir='ltr'>urnam</span> <span class='ocrx_word' id='word_1_253' title='bbox 512 3825 621 3900; x_wconf 87' lang='lat' dir='ltr'>argenti</span> <span class='ocrx_word' id='word_1_254' title='bbox 636 3824 692 3882; x_wconf 88' lang='lat' dir='ltr'>fors</span> <span class='ocrx_word' id='word_1_255' title='bbox 702 3843 765 3899; x_wconf 83' lang='lat' dir='ltr'>quae</span> <span class='ocrx_word' id='word_1_256' title='bbox 780 3825 850 3881; x_wconf 93' lang='lat' dir='ltr'>mihi</span> <span class='ocrx_word' id='word_1_257' title='bbox 864 3825 1016 3883; x_wconf 74' lang='lat' dir='ltr'>monstret!</span> <span class='ocrx_word' id='word_1_258' title='bbox 1038 3835 1071 3884; x_wconf 88' lang='lat' dir='ltr'>ut</span> <span class='ocrx_word' id='word_1_259' title='bbox 1083 3822 1134 3898; x_wconf 88' lang='lat' dir='ltr'>illi,</span> <span class='ocrx_word' id='word_1_260' title='bbox 1231 3824 1269 3883; x_wconf 83' lang='grc'>10</span> 
     </span>
     <span class='ocr_line' id='line_1_38' title="bbox 316 3902 990 3979; baseline 0 -19"><span class='ocrx_word' id='word_1_261' title='bbox 316 3902 468 3962; x_wconf 89' lang='lat' dir='ltr'>Thesauro</span> <span class='ocrx_word' id='word_1_262' title='bbox 481 3903 606 3975; x_wconf 89' lang='lat' dir='ltr'>invento,</span> <span class='ocrx_word' id='word_1_263' title='bbox 620 3903 667 3977; x_wconf 94' lang='lat' dir='ltr'>qui</span> <span class='ocrx_word' id='word_1_264' title='bbox 682 3904 876 3962; x_wconf 89' lang='lat' dir='ltr'>mercenarius</span> <span class='ocrx_word' id='word_1_265' title='bbox 890 3922 990 3979; x_wconf 85' lang='lat' dir='ltr'>agrurn</span> 
     </span>
     <span class='ocr_line' id='line_1_39' title="bbox 316 3980 977 4058; baseline 0.005 -20"><span class='ocrx_word' id='word_1_266' title='bbox 316 3980 402 4039; x_wconf 93' lang='lat' dir='ltr'>Illum</span> <span class='ocrx_word' id='word_1_267' title='bbox 416 3983 510 4058; x_wconf 92' lang='lat' dir='ltr'>ipsum</span> <span class='ocrx_word' id='word_1_268' title='bbox 523 3994 666 4041; x_wconf 89' lang='lat' dir='ltr'>mercatus</span> <span class='ocrx_word' id='word_1_269' title='bbox 680 3982 778 4054; x_wconf 90' lang='lat' dir='ltr'>aravit,</span> <span class='ocrx_word' id='word_1_270' title='bbox 792 3981 871 4040; x_wconf 83' lang='lat' dir='ltr'>dives</span> <span class='ocrx_word' id='word_1_271' title='bbox 884 3982 977 4041; x_wconf 86' lang='lat' dir='ltr'>arnico</span> 
     </span>
     <span class='ocr_line' id='line_1_40' title="bbox 317 4059 1234 4140; baseline 0.005 -22"><span class='ocrx_word' id='word_1_272' title='bbox 317 4059 445 4119; x_wconf 88' lang='lat' dir='ltr'>Hercule</span> <span class='ocrx_word' id='word_1_273' title='bbox 453 4063 480 4132; x_wconf 92' lang='lat'>;’&#39;</span> <span class='ocrx_word' id='word_1_274' title='bbox 502 4061 526 4119; x_wconf 89' lang='lat' dir='ltr'>si</span> <span class='ocrx_word' id='word_1_275' title='bbox 540 4062 615 4137; x_wconf 90' lang='lat' dir='ltr'>quod</span> <span class='ocrx_word' id='word_1_276' title='bbox 630 4061 710 4119; x_wconf 86' lang='lat' dir='ltr'>adest</span> <span class='ocrx_word' id='word_1_277' title='bbox 724 4072 836 4136; x_wconf 85' lang='lat' dir='ltr'>gratum</span> <span class='ocrx_word' id='word_1_278' title='bbox 847 4061 942 4138; x_wconf 82' lang='lat' dir='ltr'>juvat:</span> <span class='ocrx_word' id='word_1_279' title='bbox 963 4062 1020 4121; x_wconf 70' lang='lat' dir='ltr'>hac</span> <span class='ocrx_word' id='word_1_280' title='bbox 1032 4081 1118 4140; x_wconf 87' lang='lat' dir='ltr'>proce</span> <span class='ocrx_word' id='word_1_281' title='bbox 1130 4072 1161 4122; x_wconf 85' lang='lat' dir='ltr'>te</span> <span class='ocrx_word' id='word_1_282' title='bbox 1172 4080 1234 4137; x_wconf 86' lang='lat' dir='ltr'>oro,</span> 
     </span>
     <span class='ocr_line' id='line_1_41' title="bbox 316 4139 1056 4219; baseline 0.004 -20"><span class='ocrx_word' id='word_1_283' title='bbox 316 4139 428 4217; x_wconf 88' lang='lat' dir='ltr'>Pingue</span> <span class='ocrx_word' id='word_1_284' title='bbox 440 4159 530 4218; x_wconf 86' lang='lat' dir='ltr'>pecus</span> <span class='ocrx_word' id='word_1_285' title='bbox 543 4139 659 4200; x_wconf 91' lang='lat' dir='ltr'>domino</span> <span class='ocrx_word' id='word_1_286' title='bbox 673 4140 771 4214; x_wconf 83' lang='lat' dir='ltr'>facias,</span> <span class='ocrx_word' id='word_1_287' title='bbox 785 4150 815 4199; x_wconf 87' lang='lat' dir='ltr'>et</span> <span class='ocrx_word' id='word_1_288' title='bbox 828 4151 941 4216; x_wconf 83' lang='lat' dir='ltr'>cetera,</span> <span class='ocrx_word' id='word_1_289' title='bbox 954 4153 1056 4219; x_wconf 84' lang='lat' dir='ltr'>preter</span> 
     </span>
    </p>
   </div>
   <div class='ocr_carea' id='block_1_5' title="bbox 0 0 1546 4900">
    <p class='ocr_par' dir='ltr' id='par_1_23' title="bbox 0 0 1546 4900">
     <span class='ocr_line' id='line_1_42' title="bbox 0 0 1546 4900; baseline 0 0"><span class='ocrx_word' id='word_1_290' title='bbox 0 0 1546 4900; x_wconf 95' lang='lat' dir='ltr'> </span> 
     </span>
    </p>
   </div>
  </div>
 </body>
</html>
