3084 4900
514 609 761 659 EPISTOLARUM
778 611 844 660 LIB.
862 612 884 660 1.
902 614 939 662 18.
1164 615 1221 673 165

270 753 333 817 Qui
347 753 427 825 dicit,
442 753 556 825 clamat,
571 753 718 811 “Victum
734 756 827 812 date.’'
870 754 1002 814 Succinit
1013 756 1101 816 alter:

272 838 290 866 ‘⁴
303 834 341 891 Et
354 833 424 889 mihi
438 832 553 889 dividuo
566 831 689 890 findetur
703 854 822 891 munere
836 834 971 909 quadra.’'

272 913 331 970 Sed
345 913 448 968 tacitus
462 912 542 985 pasci
555 911 580 968 si
593 924 689 987 posset
702 932 814 985 corvus,
829 914 946 971 haberet
1181 917 1220 973 50

271 991 341 1048 Plus
354 991 444 1067 dapis,
458 1000 487 1046 et
500 990 567 1045 rixae
582 989 671 1049 multd
685 992 790 1065 minus,
805 993 982 1068 invidiaeque.

312 1070 504 1127 Brundusium
519 1087 616 1125 comes
630 1081 678 1127 aut
693 1072 862 1128 Surrentum
883 1072 988 1130 ductus
1001 1092 1155 1148 amoenum,

272 1149 335 1209 Qui
348 1149 473 1224 queritur
488 1148 611 1205 salebras
624 1159 653 1206 et
667 1151 802 1206 acerbum
818 1151 906 1226 frigus
920 1162 949 1209 et
962 1152 1077 1228 imbres,

272 1230 335 1286 Aut
348 1228 449 1285 cistam
463 1226 608 1284 effractam
622 1239 671 1285 aut
684 1230 826 1287 subducta
839 1231 941 1287 viatica
950 1232 1050 1306 plorat,

273 1307 350 1365 Nota
363 1308 448 1363 refert
461 1307 618 1363 meretricis
632 1309 775 1380 acumina,
791 1307 866 1385 saepd
882 1310 1024 1384 catellam,
1182 1311 1222 1369 55

273 1383 358 1461 Saepe
374 1385 570 1461 periscelidem
584 1398 692 1462 raptam
708 1388 761 1444 sibi
776 1388 889 1458 flentis;
910 1386 952 1446 uti
963 1408 1029 1447 mox

272 1465 360 1522 Nulla
373 1465 444 1521 fides
458 1464 569 1521 damnis
582 1467 710 1541 verisque
725 1467 868 1525 doloribus
882 1468 963 1525 adsit.

272 1543 338 1601 Nec
352 1544 439 1602 semel
453 1544 550 1599 irrisus
563 1544 652 1601 triviis
666 1547 792 1603 attollere
806 1558 887 1604 curat

273 1623 378 1680 Fracto
390 1641 471 1679 crure
481 1622 598 1697 planum
611 1643 618 1692 3
639 1624 707 1681 licet
720 1625 761 1681 illi
772 1626 893 1701 plurima
907 1636 1004 1684 manet

273 1701 431 1777 Lacryma3
452 1720 502 1777 per
517 1713 647 1759 sanctum
659 1703 769 1780 juratus
783 1705 860 1761 dicat
873 1703 992 1776 Osirim,
1182 1705 1222 1763 60

274 1786 292 1811 “
308 1781 434 1853 Credite,
447 1800 506 1837 non
520 1779 606 1850 ludo;
628 1784 769 1855 crudeles,
784 1783 873 1841 tollite
886 1783 1049 1840 claudum.''

273 1864 292 1892 “
306 1860 414 1923 Quaere
427 1858 638 1936 peregrinum,''
653 1862 759 1919 vicinia
772 1881 860 1919 rauca
872 1862 1016 1920 reclamat

558 2175 763 2233 EPISTOLA
777 2176 894 2235 XVIII.

627 2315 667 2354 AD
686 2314 825 2355 LOLLIUM·

273 2419 307 2478 St
321 2418 394 2476 bene
408 2427 435 2475 te
449 2417 525 2489 novi,
539 2427 658 2490 metues,
673 2416 815 2474 liberrime
830 2416 914 2490 Lolli,

273 2498 435 2556 scurrantis
449 2498 573 2572 speciem
587 2497 722 2572 praebere,
736 2496 879 2570 professus
890 2496 1022 2555 amicum.

271 2577 311 2634 Ut
324 2587 452 2634 matrona
462 2576 604 2632 meretrici
618 2575 712 2649 dispar
723 2575 777 2631 erit
790 2586 874 2649 atque

272 2656 413 2727 Discolor,
428 2654 516 2710 infido
530 2672 634 2709 scurrae
648 2653 763 2709 distabit
777 2653 894 2711 amicus.

271 2734 406 2794 Esthuic
420 2732 563 2789 diversum
577 2732 645 2788 vitio
656 2730 755 2788 vitium
768 2729 856 2808 prope
871 2731 972 2808 majus,

271 2814 421 2890 Asperitas
435 2812 552 2887 agrestis
566 2822 594 2868 et
605 2811 781 2867 inconcinna
794 2813 951 2886 gravisque,

272 2894 349 2955 Quae
364 2912 394 2949 se
408 2891 590 2949 commendat
603 2890 685 2947 tonsi
697 2901 772 2961 cute,
787 2891 920 2948 dentibus
934 2889 1017 2961 atris;

271 2972 350 3029 Dum
363 2971 423 3028 vult
436 2970 549 3026 libertas
563 2970 620 3026 dici
634 2988 721 3039 mera,
735 2988 855 3044 veraque
870 2971 965 3026 virtus.

271 3052 370 3109 Virtus
384 3060 427 3107 est
440 3049 567 3106 medium
578 3049 708 3106 vitiorum
719 3057 748 3104 et
762 3050 893 3125 utrinque
904 3049 1062 3108 reductum.

271 3131 354 3188 Alter
368 3130 398 3186 in
412 3129 577 3203 obsequium
593 3126 657 3203 pltis
672 3147 752 3203 aequo
765 3148 881 3204 pronus,
895 3139 925 3186 et
938 3128 988 3186 imi
1186 3131 1223 3188 10
1307 3167 1310 3170 .

271 3209 387 3267 Derisor
401 3207 478 3279 lecti,
493 3208 534 3264 sic
547 3219 648 3264 nutum
664 3207 757 3264 divitis
771 3209 875 3280 horret,

272 3290 322 3345 Sic
335 3289 417 3345 iterat
432 3280 524 3358 voces,
539 3297 568 3342 et
581 3287 666 3342 verba
679 3287 810 3343 cadentia
824 3288 906 3358 tollit,

271 3367 310 3424 Ut
322 3385 442 3442 puerum
456 3385 530 3422 saevo
543 3367 643 3422 credas
654 3366 759 3422 dictata
773 3367 907 3442 magistro

272 3445 418 3516 Reddere,
432 3445 475 3501 vel
489 3455 583 3520 partes
598 3445 714 3501 mimum
727 3453 848 3501 tractare
863 3446 1013 3504 secundas.

272 3525 353 3581 Alter
367 3523 473 3581 rixatur
486 3525 522 3579 de
533 3523 599 3580 lanai
613 3520 688 3596 saepe
701 3520 829 3598 caprini,
1187 3525 1224 3582 15

271 3604 435 3679 Propugnat
449 3602 533 3678 nugis
547 3613 689 3659 armatus:
711 3605 729 3630 “
744 3601 871 3672 Scilicet,
883 3612 914 3658 ut
927 3619 986 3660 non
1040 3654 1049 3666 ,

272 3682 317 3741 Sit
330 3682 400 3739 milri
413 3682 504 3758 prima
518 3681 598 3752 fides,
614 3691 651 3751 et,
666 3677 732 3736 vere
747 3681 822 3754 quod
835 3681 938 3754 placet,
950 3691 981 3737 ut
994 3701 1054 3739 non

269 3761 386 3818 Acriter
401 3762 527 3828 elatrem,
541 3760 663 3835 pretium
679 3771 746 3815 aetas
760 3760 848 3816 altera
862 3761 984 3817 sordet.”

271 3841 436 3916 Ambigitur
449 3840 516 3915 quid
531 3839 630 3896 eniml
652 3838 753 3896 Castor
767 3839 840 3895 sciat
853 3858 889 3895 an
904 3838 1041 3896 Dolichos
1050 3838 1129 3916 plus3

270 3919 466 3977 Brundusium
480 3917 593 3974 Minuci
608 3915 709 3975 melitis
724 3918 768 3975 via
779 3919 876 3990 ducat,
888 3937 923 3974 an
938 3917 1025 3995 Appi.
1183 3918 1224 3976 20

310 3999 409 4059 Quem
425 3998 561 4054 damnosa
575 3998 684 4068 Venus,
699 4016 784 4072 quem
798 4017 923 4072 praeceps
938 3998 1000 4054 alea
1013 3997 1112 4072 nudat,

270 4078 368 4135 Gloria
381 4095 465 4151 quem
480 4095 564 4150 supra
577 4076 650 4132 vires
665 4087 693 4132 et
707 4078 789 4133 vestit
803 4091 831 4133 et
846 4078 936 4152 ungit,

270 4157 369 4217 Quem
382 4165 461 4213 tenet
475 4155 585 4231 argenti
599 4156 660 4213 sitis
674 4155 835 4231 importuna
849 4155 1003 4232 famesque,
