<?xml version="1.0" encoding="UTF-8"?>
<!DOCTYPE html PUBLIC "-//W3C//DTD XHTML 1.0 Transitional//EN"
    "http://www.w3.org/TR/xhtml1/DTD/xhtml1-transitional.dtd">
<html xmlns="http://www.w3.org/1999/xhtml" xml:lang="en" lang="en">
 <head>
  <title>
</title>
<meta http-equiv="Content-Type" content="text/html;charset=utf-8" />
  <meta name='ocr-system' content='tesseract 3.04.00' />
  <meta name='ocr-capabilities' content='ocr_page ocr_carea ocr_par ocr_line ocrx_word'/>
</head>
<body>
  <div class='ocr_page' id='page_1' title='image "./quintihoratiifl00horagoog_0023.png"; bbox 0 0 3084 4900; ppageno 0'>
   <div class='ocr_carea' id='block_1_1' title="bbox 615 629 948 685">
    <p class='ocr_par' dir='ltr' id='par_1_1' title="bbox 615 629 948 685">
     <span class='ocr_line' id='line_1_1' title="bbox 615 629 948 685; baseline 0.012 -9"><span class='ocrx_word' id='word_1_1' title='bbox 615 630 646 685; x_wconf 82' lang='lat' dir='ltr'>Q.</span> <span class='ocrx_word' id='word_1_2' title='bbox 663 629 808 679; x_wconf 86' lang='lat' dir='ltr'>HORATll</span> <span class='ocrx_word' id='word_1_3' title='bbox 825 631 948 680; x_wconf 84' lang='lat' dir='ltr'><strong>FLACCI</strong></span> 
     </span>
    </p>
   </div>
   <div class='ocr_carea' id='block_1_2' title="bbox 355 769 1055 2552">
    <p class='ocr_par' dir='ltr' id='par_1_2' title="bbox 355 769 1055 2552">
     <span class='ocr_line' id='line_1_2' title="bbox 559 769 995 832; baseline 0 0"><span class='ocrx_word' id='word_1_4' title='bbox 559 769 630 832; x_wconf 78' lang='lat' dir='ltr'>Quo</span> <span class='ocrx_word' id='word_1_5' title='bbox 641 791 698 829; x_wconf 88' lang='lat' dir='ltr'>non</span> <span class='ocrx_word' id='word_1_6' title='bbox 713 772 946 832; x_wconf 81' lang='lat' dir='ltr'>arbiter-Hadriae</span> <span class='ocrx_word' id='word_1_7' title='bbox 991 789 995 798; x_wconf 87' lang='grc'><em>’</em></span> 
     </span>
     <span class='ocr_line' id='line_1_3' title="bbox 443 838 1001 926; baseline 0.011 -21"><span class='ocrx_word' id='word_1_8' title='bbox 443 846 545 924; x_wconf 83' lang='lat' dir='ltr'>Major,</span> <span class='ocrx_word' id='word_1_9' title='bbox 558 838 719 910; x_wconf 75' lang='lat' dir='ltr'>tdlleres&#39;eu</span> <span class='ocrx_word' id='word_1_10' title='bbox 732 843 838 926; x_wconf 63' lang='lat' dir='ltr'>ponere</span> <span class='ocrx_word' id='word_1_11' title='bbox 851 843 1001 911; x_wconf 60' lang='lat' dir='ltr'>vultune</span> 
     </span>
     <span class='ocr_line' id='line_1_4' title="bbox 481 927 1020 1008; baseline 0.002 -20"><span class='ocrx_word' id='word_1_12' title='bbox 481 953 502 997; x_wconf 58' lang='grc' dir='ltr'><strong>ς</strong></span> <span class='ocrx_word' id='word_1_13' title='bbox 559 927 657 989; x_wconf 77' lang='lat' dir='ltr'>Quem</span> <span class='ocrx_word' id='word_1_14' title='bbox 670 931 768 994; x_wconf 88' lang='lat' dir='ltr'>mortis</span> <span class='ocrx_word' id='word_1_15' title='bbox 782 930 879 1005; x_wconf 87' lang='lat' dir='ltr'>timuit</span> <span class='ocrx_word' id='word_1_16' title='bbox 887 928 1020 1008; x_wconf 62' lang='lat' dir='ltr'>&#39;gradum</span> 
     </span>
     <span class='ocr_line' id='line_1_5' title="bbox 442 1005 993 1082; baseline 0.009 -21"><span class='ocrx_word' id='word_1_17' title='bbox 442 1005 503 1066; x_wconf 78' lang='lat' dir='ltr'>Qui</span> <span class='ocrx_word' id='word_1_18' title='bbox 517 1006 703 1077; x_wconf 74' lang='lat' dir='ltr'>siccis‘oculis</span> <span class='ocrx_word' id='word_1_19' title='bbox 717 1018 842 1072; x_wconf 88' lang='lat' dir='ltr'>monstra</span> <span class='ocrx_word' id='word_1_20' title='bbox 855 1010 993 1082; x_wconf 81' lang='lat' dir='ltr'>natantia,</span> 
     </span>
     <span class='ocr_line' id='line_1_6' title="bbox 473 1083 1006 1161; baseline 0.002 -17"><span class='ocrx_word' id='word_1_21' title='bbox 473 1090 476 1093; x_wconf 76' lang='grc'><strong><em>’</em></strong></span> <span class='ocrx_word' id='word_1_22' title='bbox 559 1083 624 1145; x_wconf 80' lang='lat' dir='ltr'>Qui·</span> <span class='ocrx_word' id='word_1_23' title='bbox 634 1086 705 1143; x_wconf 84' lang='lat' dir='ltr'>vidit</span> <span class='ocrx_word' id='word_1_24' title='bbox 716 1105 795 1142; x_wconf 87' lang='lat' dir='ltr'>mare</span> <span class='ocrx_word' id='word_1_25' title='bbox 808 1086 962 1161; x_wconf 86' lang='lat' dir='ltr'>turgidum,</span> <span class='ocrx_word' id='word_1_26' title='bbox 976 1097 1006 1145; x_wconf 87' lang='lat' dir='ltr'>et</span> 
     </span>
     <span class='ocr_line' id='line_1_7' title="bbox 443 1160 959 1237; baseline 0.008 -20"><span class='ocrx_word' id='word_1_27' title='bbox 443 1160 711 1237; x_wconf 79' lang='lat' dir='ltr'>Infamesscopulos</span> <span class='ocrx_word' id='word_1_28' title='bbox 725 1164 959 1221; x_wconf 87' lang='lat' dir='ltr'>Acroceraunial</span> 
     </span>
     <span class='ocr_line' id='line_1_8' title="bbox 561 1239 988 1315; baseline 0.014 -20"><span class='ocrx_word' id='word_1_29' title='bbox 561 1239 590 1294; x_wconf 93' lang='lat' dir='ltr'>N</span> <span class='ocrx_word' id='word_1_30' title='bbox 592 1241 760 1315; x_wconf 85' lang='lat' dir='ltr'>eqdidquarn</span> <span class='ocrx_word' id='word_1_31' title='bbox 776 1241 854 1298; x_wconf 88' lang='lat' dir='ltr'>Deus</span> <span class='ocrx_word' id='word_1_32' title='bbox 867 1242 988 1301; x_wconf 83' lang='lat' dir='ltr'>abscidit</span> 
     </span>
     <span class='ocr_line' id='line_1_9' title="bbox 443 1317 888 1376; baseline 0.007 -3"><span class='ocrx_word' id='word_1_33' title='bbox 443 1317 571 1374; x_wconf 88' lang='lat' dir='ltr'>Prudens</span> <span class='ocrx_word' id='word_1_34' title='bbox 585 1317 702 1375; x_wconf 79' lang='lat' dir='ltr'>Oceano</span> <span class='ocrx_word' id='word_1_35' title='bbox 716 1320 888 1376; x_wconf 82' lang='lat' dir='ltr'>dissociabili</span> 
     </span>
     <span class='ocr_line' id='line_1_10' title="bbox 560 1395 929 1473; baseline 0.011 -22"><span class='ocrx_word' id='word_1_36' title='bbox 560 1395 674 1469; x_wconf 88' lang='lat' dir='ltr'>Terras,</span> <span class='ocrx_word' id='word_1_37' title='bbox 689 1398 712 1453; x_wconf 92' lang='lat' dir='ltr'>si</span> <span class='ocrx_word' id='word_1_38' title='bbox 726 1409 820 1454; x_wconf 89' lang='lat' dir='ltr'>tamen</span> <span class='ocrx_word' id='word_1_39' title='bbox 831 1398 929 1473; x_wconf 75' lang='lat' dir='ltr'>impiae</span> 
     </span>
     <span class='ocr_line' id='line_1_11' title="bbox 442 1471 1043 1606; baseline 0.01 -77"><span class='ocrx_word' id='word_1_40' title='bbox 442 1471 509 1529; x_wconf 89' lang='lat' dir='ltr'>Non</span> <span class='ocrx_word' id='word_1_41' title='bbox 523 1475 666 1548; x_wconf 82' lang='lat' dir='ltr'>tangenda</span> <span class='ocrx_word' id='word_1_42' title='bbox 679 1487 752 1532; x_wconf 81' lang='lat' dir='ltr'>rates</span> <span class='ocrx_word' id='word_1_43' title='bbox 766 1477 1020 1606; x_wconf 34' lang='lat' dir='ltr'>transilipppvada.</span> <span class='ocrx_word' id='word_1_44' title='bbox 1035 1534 1043 1542; x_wconf 74' lang='grc'><strong><em>,</em></strong></span> 
     </span>
     <span class='ocr_line' id='line_1_12' title="bbox 355 1546 1030 1629; baseline 0.013 -24"><span class='ocrx_word' id='word_1_45' title='bbox 355 1616 364 1625; x_wconf 85' lang='lat'><em>.</em></span> <span class='ocrx_word' id='word_1_46' title='bbox 559 1553 663 1614; x_wconf 72' lang='lat' dir='ltr'>Audax</span> <span class='ocrx_word' id='word_1_47' title='bbox 677 1555 772 1611; x_wconf 89' lang='lat' dir='ltr'>omnia</span> <span class='ocrx_word' id='word_1_48' title='bbox 786 1554 894 1629; x_wconf 86' lang='lat' dir='ltr'>perpeti</span> <span class='ocrx_word' id='word_1_49' title='bbox 985 1546 1030 1613; x_wconf 58' lang='lat' dir='ltr'>&gt;f</span> 
     </span>
     <span class='ocr_line' id='line_1_13' title="bbox 441 1628 1055 1707; baseline 0.008 -22"><span class='ocrx_word' id='word_1_50' title='bbox 441 1629 521 1686; x_wconf 86' lang='lat' dir='ltr'>Gens</span> <span class='ocrx_word' id='word_1_51' title='bbox 535 1628 659 1687; x_wconf 83' lang='lat' dir='ltr'>humana</span> <span class='ocrx_word' id='word_1_52' title='bbox 673 1633 728 1692; x_wconf 76' lang='lat' dir='ltr'>rult</span> <span class='ocrx_word' id='word_1_53' title='bbox 741 1651 791 1707; x_wconf 92' lang='lat' dir='ltr'>per</span> <span class='ocrx_word' id='word_1_54' title='bbox 805 1633 937 1703; x_wconf 80' lang='lat' dir='ltr'>vetitum3</span> <span class='ocrx_word' id='word_1_55' title='bbox 959 1632 1055 1692; x_wconf 79' lang='lat' dir='ltr'>noles!</span> 
     </span>
     <span class='ocr_line' id='line_1_14' title="bbox 458 1700 1026 1800; baseline 0.002 -33"><span class='ocrx_word' id='word_1_56' title='bbox 458 1738 460 1744; x_wconf 38' lang='lat' dir='ltr'><strong><em>s</em></strong></span> <span class='ocrx_word' id='word_1_57' title='bbox 492 1745 496 1767; x_wconf 63' lang='lat' dir='ltr'>r</span> <span class='ocrx_word' id='word_1_58' title='bbox 559 1708 664 1766; x_wconf 86' lang='lat' dir='ltr'>Audax</span> <span class='ocrx_word' id='word_1_59' title='bbox 677 1700 918 1800; x_wconf 57' lang='lat' dir='ltr'>Iapetigenu&#39;st</span> <span class='ocrx_word' id='word_1_60' title='bbox 1022 1703 1026 1711; x_wconf 67' lang='grc'><strong><em>’</em></strong></span> 
     </span>
     <span class='ocr_line' id='line_1_15' title="bbox 441 1783 1012 1864; baseline 0.014 -24"><span class='ocrx_word' id='word_1_61' title='bbox 441 1783 542 1862; x_wconf 88' lang='lat' dir='ltr'>Ignem</span> <span class='ocrx_word' id='word_1_62' title='bbox 555 1785 651 1844; x_wconf 81' lang='lat' dir='ltr'>fraude</span> <span class='ocrx_word' id='word_1_63' title='bbox 665 1790 740 1845; x_wconf 68' lang='lat' dir='ltr'>malfa</span> <span class='ocrx_word' id='word_1_64' title='bbox 753 1789 886 1864; x_wconf 74' lang='lat' dir='ltr'>gentibus</span> <span class='ocrx_word' id='word_1_65' title='bbox 900 1790 1012 1861; x_wconf 79' lang='lat' dir='ltr'>intulit.¹</span> 
     </span>
     <span class='ocr_line' id='line_1_16' title="bbox 520 1864 976 1944; baseline 0.015 -24"><span class='ocrx_word' id='word_1_66' title='bbox 520 1893 528 1909; x_wconf 65' lang='lat'>«</span> <span class='ocrx_word' id='word_1_67' title='bbox 557 1864 625 1922; x_wconf 86' lang='lat' dir='ltr'><strong>Post</strong></span> <span class='ocrx_word' id='word_1_68' title='bbox 638 1865 870 1941; x_wconf 68' lang='lat' dir='ltr'>ignem,‚aethered</span> <span class='ocrx_word' id='word_1_69' title='bbox 884 1869 976 1944; x_wconf 74' lang='lat' dir='ltr'>domo,</span> 
     </span>
     <span class='ocr_line' id='line_1_17' title="bbox 441 1942 1011 2015; baseline 0.009 -16"><span class='ocrx_word' id='word_1_70' title='bbox 441 1942 629 2015; x_wconf 60' lang='lat' dir='ltr'>Subductumg</span> <span class='ocrx_word' id='word_1_71' title='bbox 644 1947 748 2002; x_wconf 84' lang='lat' dir='ltr'>macies</span> <span class='ocrx_word' id='word_1_72' title='bbox 762 1957 791 2002; x_wconf 90' lang='lat' dir='ltr'>et</span> <span class='ocrx_word' id='word_1_73' title='bbox 799 1949 877 2003; x_wconf 81' lang='lat' dir='ltr'>¹nova</span> <span class='ocrx_word' id='word_1_74' title='bbox 891 1947 1011 2004; x_wconf 78' lang='lat' dir='ltr'>febrium</span> 
     </span>
     <span class='ocr_line' id='line_1_18' title="bbox 557 2019 928 2092; baseline 0.019 -16"><span class='ocrx_word' id='word_1_75' title='bbox 557 2020 656 2078; x_wconf 88' lang='lat' dir='ltr'>Terris</span> <span class='ocrx_word' id='word_1_76' title='bbox 669 2019 798 2088; x_wconf 69' lang='lat' dir='ltr'>inbubuit</span> <span class='ocrx_word' id='word_1_77' title='bbox 811 2024 928 2092; x_wconf 75' lang='lat' dir='ltr'>cohors,;</span> 
     </span>
     <span class='ocr_line' id='line_1_19' title="bbox 400 2096 954 2173; baseline 0.005 -18"><span class='ocrx_word' id='word_1_78' title='bbox 400 2131 405 2143; x_wconf 88' lang='lat'><strong>·</strong></span> <span class='ocrx_word' id='word_1_79' title='bbox 440 2098 602 2173; x_wconf 75' lang='lat' dir='ltr'>semotique</span> <span class='ocrx_word' id='word_1_80' title='bbox 615 2096 693 2173; x_wconf 73' lang='lat' dir='ltr'>priris</span> <span class='ocrx_word' id='word_1_81' title='bbox 706 2102 787 2157; x_wconf 83' lang='lat' dir='ltr'>tarda</span> <span class='ocrx_word' id='word_1_82' title='bbox 799 2101 954 2158; x_wconf 78' lang='lat' dir='ltr'>necessitas</span> 
     </span>
     <span class='ocr_line' id='line_1_20' title="bbox 497 2176 952 2253; baseline 0.004 -20"><span class='ocrx_word' id='word_1_83' title='bbox 497 2197 530 2246; x_wconf 44' lang='grc' dir='ltr'>ῳ</span> <span class='ocrx_word' id='word_1_84' title='bbox 558 2176 622 2236; x_wconf 82' lang='lat' dir='ltr'>Leti</span> <span class='ocrx_word' id='word_1_85' title='bbox 636 2176 911 2253; x_wconf 49' lang='lat' dir='ltr'>corripdithradum.</span> <span class='ocrx_word' id='word_1_86' title='bbox 937 2186 952 2200; x_wconf 72' lang='grc'>“’</span> 
     </span>
     <span class='ocr_line' id='line_1_21' title="bbox 440 2253 944 2332; baseline 0.002 -19"><span class='ocrx_word' id='word_1_87' title='bbox 440 2253 715 2332; x_wconf 80' lang='lat' dir='ltr'>Expertuslvacuum</span> <span class='ocrx_word' id='word_1_88' title='bbox 728 2255 863 2314; x_wconf 67' lang='lat' dir='ltr'>Daedalus</span> <span class='ocrx_word' id='word_1_89' title='bbox 876 2260 944 2318; x_wconf 70' lang='lat' dir='ltr'>aera</span> 
     </span>
     <span class='ocr_line' id='line_1_22' title="bbox 497 2332 953 2394; baseline 0.009 -4"><span class='ocrx_word' id='word_1_90' title='bbox 497 2350 500 2366; x_wconf 76' lang='lat'>²</span> <span class='ocrx_word' id='word_1_91' title='bbox 557 2332 664 2391; x_wconf 85' lang='lat' dir='ltr'>Pennis</span> <span class='ocrx_word' id='word_1_92' title='bbox 677 2354 734 2392; x_wconf 93' lang='lat' dir='ltr'>non</span> <span class='ocrx_word' id='word_1_93' title='bbox 749 2335 857 2393; x_wconf 90' lang='lat' dir='ltr'>homini</span> <span class='ocrx_word' id='word_1_94' title='bbox 870 2335 953 2394; x_wconf 83' lang='lat' dir='ltr'>datis.</span> 
     </span>
     <span class='ocr_line' id='line_1_23' title="bbox 440 2410 1021 2489; baseline 0.007 -20"><span class='ocrx_word' id='word_1_95' title='bbox 440 2410 569 2489; x_wconf 89' lang='lat' dir='ltr'>Perrupit</span> <span class='ocrx_word' id='word_1_96' title='bbox 582 2412 747 2476; x_wconf 80' lang='lat' dir='ltr'>Acheronta</span> <span class='ocrx_word' id='word_1_97' title='bbox 760 2414 922 2472; x_wconf 89' lang='lat' dir='ltr'>Herculeus</span> <span class='ocrx_word' id='word_1_98' title='bbox 933 2414 1021 2473; x_wconf 86' lang='lat' dir='ltr'>labor.</span> 
     </span>
     <span class='ocr_line' id='line_1_24' title="bbox 556 2491 1021 2552; baseline 0.009 -4"><span class='ocrx_word' id='word_1_99' title='bbox 556 2491 607 2549; x_wconf 92' lang='lat' dir='ltr'>Nil</span> <span class='ocrx_word' id='word_1_100' title='bbox 621 2494 785 2550; x_wconf 84' lang='lat' dir='ltr'>mortalibus</span> <span class='ocrx_word' id='word_1_101' title='bbox 799 2495 919 2551; x_wconf 86' lang='lat' dir='ltr'>arduum</span> <span class='ocrx_word' id='word_1_102' title='bbox 932 2503 991 2552; x_wconf 85' lang='lat' dir='ltr'>est:</span> <span class='ocrx_word' id='word_1_103' title='bbox 1019 2515 1021 2518; x_wconf 65' lang='grc'>’</span> 
     </span>
    </p>
   </div>
   <div class='ocr_carea' id='block_1_3' title="bbox 439 2568 1049 2806">
    <p class='ocr_par' dir='ltr' id='par_1_3' title="bbox 439 2568 1049 2806">
     <span class='ocr_line' id='line_1_25' title="bbox 440 2568 1049 2649; baseline 0.007 -23"><span class='ocrx_word' id='word_1_104' title='bbox 440 2568 551 2626; x_wconf 84' lang='lat' dir='ltr'>Ooelum</span> <span class='ocrx_word' id='word_1_105' title='bbox 565 2571 656 2646; x_wconf 91' lang='lat' dir='ltr'>ipsum</span> <span class='ocrx_word' id='word_1_106' title='bbox 666 2573 789 2646; x_wconf 85' lang='lat' dir='ltr'>petimus</span> <span class='ocrx_word' id='word_1_107' title='bbox 802 2571 936 2643; x_wconf 71' lang='lat' dir='ltr'>stultitir⁴23</span> <span class='ocrx_word' id='word_1_108' title='bbox 957 2591 1049 2649; x_wconf 87' lang='lat' dir='ltr'>neque</span> 
     </span>
     <span class='ocr_line' id='line_1_26' title="bbox 557 2649 995 2728; baseline 0.007 -22"><span class='ocrx_word' id='word_1_109' title='bbox 557 2649 611 2707; x_wconf 92' lang='lat' dir='ltr'>Per</span> <span class='ocrx_word' id='word_1_110' title='bbox 624 2660 750 2708; x_wconf 89' lang='lat' dir='ltr'>nostrum</span> <span class='ocrx_word' id='word_1_111' title='bbox 765 2652 888 2728; x_wconf 86' lang='lat' dir='ltr'>patimur</span> <span class='ocrx_word' id='word_1_112' title='bbox 901 2652 995 2709; x_wconf 84' lang='lat' dir='ltr'>scelus</span> 
     </span>
     <span class='ocr_line' id='line_1_27' title="bbox 439 2726 953 2806; baseline 0.01 -22"><span class='ocrx_word' id='word_1_113' title='bbox 439 2726 583 2787; x_wconf 81' lang='lat' dir='ltr'>Iracunda</span> <span class='ocrx_word' id='word_1_114' title='bbox 596 2728 697 2787; x_wconf 88' lang='lat' dir='ltr'>Jovem</span> <span class='ocrx_word' id='word_1_115' title='bbox 711 2750 816 2806; x_wconf 89' lang='lat' dir='ltr'>ponere</span> <span class='ocrx_word' id='word_1_116' title='bbox 828 2730 953 2789; x_wconf 85' lang='lat' dir='ltr'>firlmina.</span> 
     </span>
    </p>
   </div>
   <div class='ocr_carea' id='block_1_4' title="bbox 698 3039 847 3098">
    <p class='ocr_par' dir='ltr' id='par_1_4' title="bbox 698 3039 847 3098">
     <span class='ocr_line' id='line_1_28' title="bbox 698 3039 847 3098; baseline 0.013 -2"><span class='ocrx_word' id='word_1_117' title='bbox 698 3039 782 3097; x_wconf 92' lang='lat' dir='ltr'>ODE</span> <span class='ocrx_word' id='word_1_118' title='bbox 796 3039 847 3098; x_wconf 89' lang='lat' dir='ltr'>IV.</span> 
     </span>
    </p>
   </div>
   <div class='ocr_carea' id='block_1_5' title="bbox 479 3175 1012 3230">
    <p class='ocr_par' dir='ltr' id='par_1_5' title="bbox 479 3175 1012 3230">
     <span class='ocr_line' id='line_1_29' title="bbox 479 3175 1012 3230; baseline 0.006 -17"><span class='ocrx_word' id='word_1_119' title='bbox 479 3225 481 3228; x_wconf 10' lang='grc' dir='ltr'><em>Α</em></span> <span class='ocrx_word' id='word_1_120' title='bbox 529 3175 569 3213; x_wconf 77' lang='lat' dir='ltr'>au</span> <span class='ocrx_word' id='word_1_121' title='bbox 589 3177 615 3214; x_wconf 83' lang='lat' dir='ltr'>n.</span> <span class='ocrx_word' id='word_1_122' title='bbox 637 3177 782 3230; x_wconf 80' lang='lat' dir='ltr'>snxrrurr,</span> <span class='ocrx_word' id='word_1_123' title='bbox 804 3177 1012 3216; x_wconf 71' lang='lat' dir='ltr'>consumarem.</span> 
     </span>
    </p>
   </div>
   <div class='ocr_carea' id='block_1_6' title="bbox 322 3273 1264 4212">
    <p class='ocr_par' dir='ltr' id='par_1_6' title="bbox 323 3273 1092 3427">
     <span class='ocr_line' id='line_1_30' title="bbox 323 3273 1092 3351; baseline -0.003 -18"><span class='ocrx_word' id='word_1_124' title='bbox 323 3277 473 3333; x_wconf 77' lang='lat' dir='ltr'>Sonvrrun</span> <span class='ocrx_word' id='word_1_125' title='bbox 487 3274 559 3331; x_wconf 88' lang='lat' dir='ltr'>acris</span> <span class='ocrx_word' id='word_1_126' title='bbox 573 3275 663 3332; x_wconf 90' lang='lat' dir='ltr'>hiems</span> <span class='ocrx_word' id='word_1_127' title='bbox 676 3275 756 3351; x_wconf 69' lang='lat' dir='ltr'>grati</span> <span class='ocrx_word' id='word_1_128' title='bbox 770 3275 831 3332; x_wconf 91' lang='lat' dir='ltr'>vice</span> <span class='ocrx_word' id='word_1_129' title='bbox 846 3275 918 3332; x_wconf 77' lang='lat' dir='ltr'>veris</span> <span class='ocrx_word' id='word_1_130' title='bbox 931 3286 959 3333; x_wconf 88' lang='lat' dir='ltr'>et</span> <span class='ocrx_word' id='word_1_131' title='bbox 973 3273 1092 3348; x_wconf 84' lang='lat' dir='ltr'>Favoni,</span> 
     </span>
     <span class='ocr_line' id='line_1_31' title="bbox 401 3353 986 3427; baseline 0.003 -18"><span class='ocrx_word' id='word_1_132' title='bbox 401 3353 588 3427; x_wconf 89' lang='lat' dir='ltr'>Trahuntque</span> <span class='ocrx_word' id='word_1_133' title='bbox 602 3355 692 3411; x_wconf 86' lang='lat' dir='ltr'>siccas</span> <span class='ocrx_word' id='word_1_134' title='bbox 705 3355 845 3411; x_wconf 85' lang='lat' dir='ltr'>machinae</span> <span class='ocrx_word' id='word_1_135' title='bbox 859 3355 970 3411; x_wconf 87' lang='lat' dir='ltr'>carinas</span> <span class='ocrx_word' id='word_1_136' title='bbox 978 3375 986 3424; x_wconf 87' lang='lat'>;</span> 
     </span>
    </p>

    <p class='ocr_par' dir='ltr' id='par_1_7' title="bbox 323 3429 1159 3587">
     <span class='ocr_line' id='line_1_32' title="bbox 323 3429 1159 3508; baseline -0.001 -19"><span class='ocrx_word' id='word_1_137' title='bbox 323 3432 369 3489; x_wconf 82' lang='lat' dir='ltr'>Ac</span> <span class='ocrx_word' id='word_1_138' title='bbox 382 3450 474 3505; x_wconf 90' lang='lat' dir='ltr'>neque</span> <span class='ocrx_word' id='word_1_139' title='bbox 485 3431 543 3505; x_wconf 89' lang='lat' dir='ltr'>jam</span> <span class='ocrx_word' id='word_1_140' title='bbox 557 3433 672 3489; x_wconf 86' lang='lat' dir='ltr'>stabulis</span> <span class='ocrx_word' id='word_1_141' title='bbox 686 3433 790 3508; x_wconf 84' lang='lat' dir='ltr'>gaudet</span> <span class='ocrx_word' id='word_1_142' title='bbox 803 3452 900 3506; x_wconf 90' lang='lat' dir='ltr'>pecus,</span> <span class='ocrx_word' id='word_1_143' title='bbox 915 3444 964 3491; x_wconf 88' lang='lat' dir='ltr'>aut</span> <span class='ocrx_word' id='word_1_144' title='bbox 976 3443 1067 3490; x_wconf 86' lang='lat' dir='ltr'>arator</span> <span class='ocrx_word' id='word_1_145' title='bbox 1082 3429 1143 3508; x_wconf 83' lang='lat' dir='ltr'>igni</span> <span class='ocrx_word' id='word_1_146' title='bbox 1151 3449 1159 3501; x_wconf 91' lang='lat'>;</span> 
     </span>
     <span class='ocr_line' id='line_1_33' title="bbox 399 3508 914 3587; baseline 0.006 -22"><span class='ocrx_word' id='word_1_147' title='bbox 399 3508 429 3565; x_wconf 95' lang='lat' dir='ltr'>N</span> <span class='ocrx_word' id='word_1_148' title='bbox 431 3528 465 3566; x_wconf 91' lang='lat' dir='ltr'>ec</span> <span class='ocrx_word' id='word_1_149' title='bbox 478 3521 557 3585; x_wconf 84' lang='lat' dir='ltr'>prata</span> <span class='ocrx_word' id='word_1_150' title='bbox 570 3511 648 3567; x_wconf 84' lang='lat' dir='ltr'>canis</span> <span class='ocrx_word' id='word_1_151' title='bbox 662 3512 786 3568; x_wconf 88' lang='lat' dir='ltr'>albicant</span> <span class='ocrx_word' id='word_1_152' title='bbox 798 3512 914 3587; x_wconf 89' lang='lat' dir='ltr'>pruinis.</span> 
     </span>
    </p>

    <p class='ocr_par' dir='ltr' id='par_1_8' title="bbox 322 3586 1163 3743">
     <span class='ocr_line' id='line_1_34' title="bbox 322 3586 1163 3663; baseline 0.004 -20"><span class='ocrx_word' id='word_1_153' title='bbox 322 3586 341 3643; x_wconf 91' lang='lat' dir='ltr'><strong>J</strong></span> <span class='ocrx_word' id='word_1_154' title='bbox 343 3606 388 3644; x_wconf 87' lang='lat' dir='ltr'>am</span> <span class='ocrx_word' id='word_1_155' title='bbox 402 3587 544 3663; x_wconf 83' lang='lat' dir='ltr'>Cytherea</span> <span class='ocrx_word' id='word_1_156' title='bbox 557 3591 658 3647; x_wconf 89' lang='lat' dir='ltr'>choros</span> <span class='ocrx_word' id='word_1_157' title='bbox 669 3591 749 3649; x_wconf 69' lang='lat' dir='ltr'>ducit,</span> <span class='ocrx_word' id='word_1_158' title='bbox 760 3591 869 3662; x_wconf 81' lang='lat' dir='ltr'>VenuS,</span> <span class='ocrx_word' id='word_1_159' title='bbox 884 3591 1050 3647; x_wconf 87' lang='lat' dir='ltr'>imminente</span> <span class='ocrx_word' id='word_1_160' title='bbox 1064 3587 1163 3659; x_wconf 70' lang='lat' dir='ltr'>Luni;</span> 
     </span>
     <span class='ocr_line' id='line_1_35' title="bbox 399 3664 988 3743; baseline 0.005 -21"><span class='ocrx_word' id='word_1_161' title='bbox 399 3664 418 3722; x_wconf 88' lang='lat' dir='ltr'>J</span> <span class='ocrx_word' id='word_1_162' title='bbox 420 3676 567 3742; x_wconf 83' lang='lat' dir='ltr'>unctaeque</span> <span class='ocrx_word' id='word_1_163' title='bbox 581 3668 722 3743; x_wconf 88' lang='lat' dir='ltr'>Nymphis</span> <span class='ocrx_word' id='word_1_164' title='bbox 735 3670 840 3726; x_wconf 81' lang='lat' dir='ltr'>Gratiae</span> <span class='ocrx_word' id='word_1_165' title='bbox 854 3670 988 3727; x_wconf 84' lang='lat' dir='ltr'>decentes</span> 
     </span>
    </p>

    <p class='ocr_par' dir='ltr' id='par_1_9' title="bbox 324 3743 1164 3881">
     <span class='ocr_line' id='line_1_36' title="bbox 324 3743 1164 3821; baseline 0.001 -20"><span class='ocrx_word' id='word_1_166' title='bbox 324 3745 442 3802; x_wconf 85' lang='lat' dir='ltr'>Alterno</span> <span class='ocrx_word' id='word_1_167' title='bbox 454 3754 558 3801; x_wconf 88' lang='lat' dir='ltr'>terram</span> <span class='ocrx_word' id='word_1_168' title='bbox 572 3747 701 3819; x_wconf 90' lang='lat' dir='ltr'>quatiunt</span> <span class='ocrx_word' id='word_1_169' title='bbox 713 3748 796 3820; x_wconf 88' lang='lat' dir='ltr'>pede,</span> <span class='ocrx_word' id='word_1_170' title='bbox 811 3749 879 3802; x_wconf 91' lang='lat' dir='ltr'>dum</span> <span class='ocrx_word' id='word_1_171' title='bbox 893 3766 992 3821; x_wconf 87' lang='lat' dir='ltr'>graves</span> <span class='ocrx_word' id='word_1_172' title='bbox 1006 3743 1164 3820; x_wconf 83' lang='lat' dir='ltr'>Cyclopum</span> 
     </span>
     <span class='ocr_line' id='line_1_37' title="bbox 400 3822 882 3881; baseline 0 -2"><span class='ocrx_word' id='word_1_173' title='bbox 400 3822 548 3880; x_wconf 87' lang='lat' dir='ltr'>Vulcanus</span> <span class='ocrx_word' id='word_1_174' title='bbox 562 3824 664 3879; x_wconf 87' lang='lat' dir='ltr'>ardens</span> <span class='ocrx_word' id='word_1_175' title='bbox 678 3824 734 3879; x_wconf 87' lang='lat' dir='ltr'>urit</span> <span class='ocrx_word' id='word_1_176' title='bbox 747 3824 882 3881; x_wconf 87' lang='lat' dir='ltr'>officinas.</span> 
     </span>
    </p>

    <p class='ocr_par' dir='ltr' id='par_1_10' title="bbox 322 3901 1264 4054">
     <span class='ocr_line' id='line_1_38' title="bbox 322 3901 1155 3976; baseline -0.004 -17"><span class='ocrx_word' id='word_1_177' title='bbox 322 3901 409 3959; x_wconf 90' lang='lat' dir='ltr'>Nunc</span> <span class='ocrx_word' id='word_1_178' title='bbox 423 3902 506 3958; x_wconf 91' lang='lat' dir='ltr'>decet</span> <span class='ocrx_word' id='word_1_179' title='bbox 516 3910 564 3957; x_wconf 88' lang='lat' dir='ltr'>aut</span> <span class='ocrx_word' id='word_1_180' title='bbox 577 3902 658 3958; x_wconf 91' lang='lat' dir='ltr'>viridi</span> <span class='ocrx_word' id='word_1_181' title='bbox 672 3902 792 3958; x_wconf 86' lang='lat' dir='ltr'>nitidum</span> <span class='ocrx_word' id='word_1_182' title='bbox 806 3913 891 3976; x_wconf 89' lang='lat' dir='ltr'>caput</span> <span class='ocrx_word' id='word_1_183' title='bbox 904 3901 1040 3976; x_wconf 89' lang='lat' dir='ltr'>impedire</span> <span class='ocrx_word' id='word_1_184' title='bbox 1054 3911 1155 3976; x_wconf 82' lang='lat' dir='ltr'>myrto,</span> 
     </span>
     <span class='ocr_line' id='line_1_39' title="bbox 400 3978 1264 4054; baseline 0.002 -18"><span class='ocrx_word' id='word_1_185' title='bbox 400 3980 461 4036; x_wconf 87' lang='lat' dir='ltr'>Aut</span> <span class='ocrx_word' id='word_1_186' title='bbox 474 3978 551 4051; x_wconf 86' lang='lat' dir='ltr'>flore,</span> <span class='ocrx_word' id='word_1_187' title='bbox 565 3990 645 4036; x_wconf 83' lang='lat' dir='ltr'>terrae</span> <span class='ocrx_word' id='word_1_188' title='bbox 660 3999 743 4054; x_wconf 88' lang='lat' dir='ltr'>quem</span> <span class='ocrx_word' id='word_1_189' title='bbox 757 3980 850 4036; x_wconf 87' lang='lat' dir='ltr'>ferunt</span> <span class='ocrx_word' id='word_1_190' title='bbox 864 3980 969 4035; x_wconf 71' lang='lat' dir='ltr'>solutae.</span> <span class='ocrx_word' id='word_1_191' title='bbox 1228 3980 1264 4038; x_wconf 88' lang='grc'>10</span> 
     </span>
    </p>

    <p class='ocr_par' dir='ltr' id='par_1_11' title="bbox 325 4057 1113 4212">
     <span class='ocr_line' id='line_1_40' title="bbox 325 4057 1113 4131; baseline -0.001 -17"><span class='ocrx_word' id='word_1_192' title='bbox 325 4057 411 4114; x_wconf 91' lang='lat' dir='ltr'>Nunc</span> <span class='ocrx_word' id='word_1_193' title='bbox 424 4068 453 4115; x_wconf 87' lang='lat' dir='ltr'>et</span> <span class='ocrx_word' id='word_1_194' title='bbox 466 4059 495 4115; x_wconf 90' lang='lat' dir='ltr'>in</span> <span class='ocrx_word' id='word_1_195' title='bbox 510 4059 648 4115; x_wconf 90' lang='lat' dir='ltr'>umbrosis</span> <span class='ocrx_word' id='word_1_196' title='bbox 662 4057 762 4115; x_wconf 87' lang='lat' dir='ltr'>Fauno</span> <span class='ocrx_word' id='word_1_197' title='bbox 777 4059 859 4114; x_wconf 91' lang='lat' dir='ltr'>decet</span> <span class='ocrx_word' id='word_1_198' title='bbox 872 4058 1017 4115; x_wconf 86' lang='lat' dir='ltr'>immolare</span> <span class='ocrx_word' id='word_1_199' title='bbox 1031 4057 1113 4131; x_wconf 88' lang='lat' dir='ltr'>lucis,</span> 
     </span>
     <span class='ocr_line' id='line_1_41' title="bbox 402 4137 936 4212; baseline 0 -19"><span class='ocrx_word' id='word_1_200' title='bbox 402 4137 459 4194; x_wconf 87' lang='lat' dir='ltr'>Seu</span> <span class='ocrx_word' id='word_1_201' title='bbox 473 4147 570 4212; x_wconf 87' lang='lat' dir='ltr'>poscat</span> <span class='ocrx_word' id='word_1_202' title='bbox 585 4137 668 4212; x_wconf 66' lang='lat' dir='ltr'>agni,</span> <span class='ocrx_word' id='word_1_203' title='bbox 684 4137 741 4195; x_wconf 89' lang='lat' dir='ltr'>sive</span> <span class='ocrx_word' id='word_1_204' title='bbox 755 4137 834 4193; x_wconf 85' lang='lat' dir='ltr'>malit</span> <span class='ocrx_word' id='word_1_205' title='bbox 847 4137 936 4193; x_wconf 85' lang='lat' dir='ltr'>haedo.</span> 
     </span>
    </p>
   </div>
   <div class='ocr_carea' id='block_1_7' title="bbox 0 0 1546 4900">
    <p class='ocr_par' dir='ltr' id='par_1_12' title="bbox 0 0 1546 4900">
     <span class='ocr_line' id='line_1_42' title="bbox 0 0 1546 4900; baseline 0 2"><span class='ocrx_word' id='word_1_206' title='bbox 0 0 1546 4900; x_wconf 95' lang='lat' dir='ltr'> </span> 
     </span>
    </p>
   </div>
  </div>
 </body>
</html>
