3084 4900
351 916 581 1008 QurNTl
623 916 903 990 HORsTtr
944 918 1187 996 FLACCI

607 1166 930 1230 CARulxt'u

633 1408 743 1457 LIBER
758 1408 903 1459 rmuts.

711 1843 797 1902 ODE
817 1844 841 1902 Ι.

635 1982 676 2020 ΔΙ)
696 1982 905 2022 mensam.

431 2082 599 2153 Mmcmss,
613 2082 702 2140 atavis
715 2083 791 2140 edite
806 2083 933 2160 regibus,

429 2161 459 2220 Ο
471 2174 501 2220 et
512 2161 675 2238 presidium
688 2174 718 2219 et
730 2162 816 2219 duloe
828 2164 918 2221 decus
931 2165 1043 2222 meum!

429 2243 505 2299 Sunt
516 2260 587 2316 quos
600 2241 742 2313 curriculo
751 2242 896 2317 pulverem
909 2241 1093 2320 Olympioum

428 2321 586 2397 collegisse
596 2320 689 2395 jurat;
711 2332 842 2397 metaque
856 2321 972 2379 fervidis

427 2399 541 2458 Eritata
552 2399 630 2472 rotiS,
642 2400 792 2476 palmaque
804 2400 918 2472 nobilis,

428 2479 585 2536 Terrarum
598 2479 728 2536 dominos
740 2480 836 2537 evehit
848 2481 885 2537 ad
899 2480 985 2540 deos:

427 2557 527 2628 Huno,
541 2557 566 2612 si
579 2557 725 2613 mobilium
739 2558 823 2613 turba
834 2557 994 2619 Quiritium

428 2635 528 2692 Certat
540 2633 706 2708 tergeminis
720 2634 817 2690 tollere
832 2635 1009 2713 honoribusg

428 2712 526 2781 Illum,
540 2711 564 2768 si
577 2711 689 2788 proprio
702 2712 831 2770 condidit
843 2713 944 2772 horreo

428 2791 578 2865 Quidquid
591 2791 628 2848 de
642 2789 758 2866 Libyeis
772 2793 890 2851 verritur
903 2791 986 2853 areis.
1225 2799 1261 2859 10

428 2870 608 2928 Gaudentem
622 2871 727 2946 patrios
738 2870 847 2929 findere
860 2873 972 2932 sarculo

425 2949 520 3026 Agros
534 2949 666 3008 Attalicis
679 2950 890 3008 conditionibus

426 3028 582 3104 Nunquam
596 3028 739 3085 dimoveas
752 3041 784 3087 ut
798 3030 877 3087 trabe
891 3029 998 3106 Cyprid

426 3107 571 3183 Myrtoum
585 3108 703 3182 pavidus
716 3119 804 3166 nauta
816 3120 895 3167 secet
907 3128 993 3169 mare.

426 3187 597 3246 Luctantem
612 3185 711 3244 Icariis
725 3187 858 3246 fluctibus
874 3188 1006 3248 Africum
1221 3194 1259 3256 lt

426 3265 570 3323 Mercator
585 3276 725 3337 metuenS,
738 3269 829 3324 otium
840 3279 869 3324 et
881 3268 979 3343 oppidi

425 3344 537 3402 Laudat
549 3363 616 3401 rura
629 3345 687 3401 sui:
709 3365 774 3402 mox
787 3347 879 3404 reficit
892 3357 968 3404 rates

423 3422 563 3493 Quassus,
577 3423 708 3480 indocilis
721 3425 885 3500 pauperiem
899 3425 966 3500 pati.

424 3500 477 3558 Est
489 3502 537 3577 qui
551 3519 606 3557 neo
620 3502 722 3558 veteris
736 3503 838 3576 poeula
852 3501 979 3573 Massici,

423 3579 490 3637 Nee
502 3590 610 3655 partem
625 3579 715 3636 solido
729 3580 844 3637 demere
858 3580 894 3637 de
908 3580 954 3637 die
1215 3583 1256 3646 w

425 3659 549 3734 Spernit,
564 3677 643 3715 nune
657 3658 738 3716 viridi
753 3659 881 3717 membra
894 3659 947 3717 sub
960 3658 1060 3721 arbuto

423 3739 544 3810 Stratus,
558 3756 636 3795 nuno
650 3738 685 3794 ad
700 3757 779 3813 aqum
792 3739 856 3796 lene
870 3749 956 3816 eaput
968 3758 1065 3801 saort.

423 3816 530 3874 Multos
544 3827 636 3873 eastra
647 3817 754 3891 juvant,
769 3828 797 3875 et
811 3818 880 3877 lituo
894 3819 969 3882 tubae

422 3895 583 3954 Permixtus
596 3896 714 3968 sonitus,
729 3897 858 3972 bellaque
872 3897 1010 3957 matribus

423 3973 577 4032 Detestata.
620 3973 721 4032 Manet
734 3975 787 4032 sub
801 3975 872 4034 Jove
887 3976 990 4053 frigido
1039 4036 1041 4043 ,
1212 3974 1254 4039 85

423 4052 559 4189 Venator,
574 4063 678 4112 tenerae
692 4053 822 4132 conjugis
835 4054 998 4122 immemor:
