3084 4900
617 611 647 667 Q.
665 611 812 659 HORATH
829 611 953 659 FLACCI

538 752 577 811 Et
591 754 759 830 Scythicum
774 754 924 811 inviolatus
939 772 1061 812 amnem.

460 833 520 891 Vos
534 832 678 891 Caesarom
693 834 792 905 altum,
806 833 907 891 militia
921 833 1005 891 simul

459 911 563 969 Fessas
576 913 706 971 cohortes
721 913 830 969 abdidit
844 913 965 987 oppidis,

498 990 596 1049 Finire
610 1003 784 1067 quaerentem
798 991 909 1048 labores

538 1071 632 1127 Pierio
645 1070 780 1126 recreatis
794 1080 883 1125 antro.
977 1133 986 1145 .

459 1148 519 1207 Vos
532 1149 597 1205 lene
612 1148 763 1205 eonsilium
778 1158 806 1204 et
820 1148 902 1218 datie,
918 1157 946 1203 et
960 1148 1026 1205 dato

458 1228 606 1299 Gaudetis,
621 1227 711 1283 almae.
746 1226 860 1282 Scimus
874 1237 906 1282 ut
919 1225 1020 1300 impios

499 1306 621 1363 Titanas
635 1306 844 1379 immanemque
859 1316 981 1361 turmam

538 1384 672 1441 Fulmina
687 1385 831 1441 sustulerit
844 1386 964 1455 caduco,

457 1464 520 1526 Qui
535 1475 639 1520 terram
655 1464 787 1535 inertem,
801 1462 849 1537 qui
863 1482 941 1520 mare
956 1472 1093 1538 temperat

458 1544 627 1615 Ventosum,
641 1553 670 1600 et
684 1544 778 1614 urbes,
793 1562 936 1618 regnaque
950 1542 1051 1617 tristia,

498 1622 652 1698 Divosque,
666 1622 854 1697 mortalesque
868 1623 975 1693 turbas,

515 1701 689 1781 7Imperior
728 1702 749 1759 it
763 1721 838 1758 unns
852 1697 941 1790 aquo.
1013 1720 1027 1748 ε

458 1781 492 1854 Μ
529 1772 661 1870 num'illa
675 1722 811 1859 tdliorem
826 1782 897 1839 intul
917 1792 960 1839 rat
973 1779 1039 1839 Jovi

460 1859 496 1918 Fr
517 1881 569 1918 ens
579 1865 713 1937 juventus
728 1860 842 1919 holrida
855 1801 991 1935 brailriis,

499 1939 669 2016 Fratresque
684 1943 834 1998 tendentes
847 1960 938 2016 opaco
954 1974 957 2042 y

538 2020 637 2077 Pelion
649 2021 817 2095 imposuisse
831 2019 964 2095 Olympo

458 2099 517 2155 Sed
530 2099 598 2172 quid
612 2098 771 2173 Typhoeus,
786 2108 815 2154 et
828 2098 937 2154 validus
952 2097 1068 2169 MimaS,

458 2178 519 2234 Aut
532 2177 600 2250 quid
614 2177 720 2233 minaci
735 2177 910 2251 Porphyrion
925 2187 1010 2248 statu,

495 2255 579 2316 Quid
592 2255 727 2327 Rhoetus,
741 2255 901 2329 evulsisque
914 2255 1025 2312 truncis

535 2332 700 2391 Enceladus
711 2334 850 2410 jaculator
865 2335 968 2406 audax,

458 2413 566 2472 Contra
581 2425 730 2472 sonantem
745 2414 869 2471 Palladis
883 2413 975 2489 aegida

458 2494 580 2552 Possent
592 2496 727 2552 ruentes?
762 2494 841 2551 Hinc
855 2494 954 2550 avidus
967 2491 1045 2550 stetit

496 2572 659 2644 Vulcanus3
681 2575 749 2631 hino
764 2585 892 2632 matrona
906 2573 925 2629 J
928 2592 995 2646 uno,
1010 2580 1039 2629 et

534 2652 691 2730 Nunquam
707 2654 833 2712 humeris
846 2653 988 2730 positurus
1002 2669 1113 2727 arcum,

455 2733 522 2815 Qui
531 2754 593 2792 rore
608 2754 678 2810 puro
692 2734 825 2792 Castaliae
839 2734 906 2791 lavit

456 2813 559 2870 Crines
573 2814 687 2884 solutos,
703 2814 750 2887 qui
765 2813 862 2887 Lyciae
876 2823 956 2871 tenet

495 2892 621 2948 Dumeta
634 2890 814 2963 natalemque
829 2890 937 2962 silvam,

535 2968 636 3025 Delius
651 2979 679 3025 et
693 2969 829 3025 Patareus
844 2969 955 3042 Apollo.

456 3047 509 3106 Vis
524 3045 625 3106 consili
640 3066 741 3122 expers
754 3046 828 3103 mole
842 3047 899 3104 ruit
912 3047 982 3103 sud:

455 3128 524 3186 Vim
537 3137 723 3202 temperatam
738 3125 768 3181 di
782 3143 894 3200 quoque
908 3124 1068 3200 provehunt

495 3205 531 3263 In
546 3206 654 3281 majus:
676 3204 754 3262 idem
767 3202 856 3261 odere
870 3204 943 3260 vires

534 3283 630 3341 Omne
644 3285 724 3342 nefas
738 3283 833 3340 animo
847 3293 1003 3340 moventes,

457 3364 555 3423 Testis
568 3382 696 3421 mearum
710 3362 891 3420 centimanus
904 3361 1002 3437 Gyges

456 3443 669 3503 Sententiarum
680 3463 687 3513 3
709 3454 795 3501 notus
806 3451 835 3499 et
848 3442 966 3518 integrae

494 3523 634 3582 Tentator
647 3524 738 3582 Orion
754 3522 865 3594 Dianae,

534 3603 674 3680 Virginea
689 3603 814 3661 domitus
828 3600 940 3676 sagitta.

454 3681 565 3758 Injeota
579 3684 712 3742 monstris
726 3693 802 3740 terra
816 3682 891 3739 dolet
905 3680 973 3750 suis,

456 3759 616 3834 Moeretque
630 3774 728 3835 partus
742 3761 860 3817 fulmine
874 3758 999 3814 luridum

496 3838 601 3896 Missos
615 3841 650 3895 ad
666 3841 793 3896 Orcum:
814 3856 869 3894 nec
883 3835 995 3912 peredit

534 3916 699 3994 Impositam
713 3917 789 3975 celer
803 3916 878 3992 ignis
892 3913 1020 3972 AEtnen:

456 3995 666 4055 Inoontinentis
679 4015 734 4054 neo
749 3995 829 4070 Tityi
840 3993 922 4071 jecur

455 4075 606 4152 Relinquit
620 4077 687 4150 ales,
701 4075 836 4151 nequitiae
850 4073 964 4131 additus
