3084 4900
603 631 634 688 Q.
652 631 798 680 HORATII
816 631 939 681 FLACCI

431 772 517 836 Rara
530 775 684 832 decurrens
697 774 765 851 lupa
778 773 939 849 Lanuvino,

668 853 806 930 Foetaque
820 855 935 930 vulpes:

434 930 562 1010 Rumpat
575 942 604 990 et
618 951 734 1008 serpens
748 934 769 990 it
758 945 801 990 ter
815 934 985 1008 institutum,

433 1011 465 1067 Si
479 1030 529 1086 per
542 1010 689 1086 obliquum
703 1011 803 1067 similis
817 1012 925 1100 sagittae

434 1089 553 1147 Terruit
566 1107 694 1145 mannos
736 1087 800 1163 Ego
814 1107 861 1157 cur
853 1089 987 1183 timebo

670 1166 807 1224 Providus
821 1185 970 1251 auspex,
970 1186 978 1216 ι

433 1245 596 1320 Antequam
611 1253 717 1301 stantes
730 1251 844 1335 repetat
849 1217 970 1320 paludes

431 1323 570 1381 Imbrium
586 1323 680 1380 druna
694 1342 721 1379 a
721 1323 752 1379 is
766 1324 977 1397 imminentrim,

432 1400 599 1460 Oscinem
585 1383 699 1459 co‘rviirii
713 1421 798 1477 prece
812 1402 955 1461 suscitabo

624 1480 742 1539 Solis
756 1481 878 1539 abortu.

433 1559 480 1616 Sis
492 1559 560 1616 licet
574 1516 641 1616 selix
654 1559 817 1636 ubicunque
830 1560 930 1634 mavis,
999 1596 1002 1600 ·

432 1637 471 1695 Et
483 1656 591 1696 memor
604 1638 702 1711 nostri,
713 1638 842 1712 Galatea,
854 1640 946 1698 vivas:

432 1716 533 1793 Teque
547 1735 602 1776 nec
616 1718 702 1775 laevus
716 1728 791 1777 vetet
804 1719 845 1776 ire
858 1719 950 1810 picus,

666 1796 697 1854 N
698 1816 732 1854 ec
745 1817 817 1873 vaga
830 1798 938 1856 cornix.

432 1874 490 1932 Sed
504 1874 583 1933 vides
595 1886 702 1951 quanto
716 1877 838 1953 trepidet
850 1878 973 1935 tumultu

431 1952 542 2011 Pronus
555 1953 655 2012 Orion
696 1954 759 2030 Ego
773 1956 841 2030 quid
854 1956 891 2013 sit
904 1966 964 2013 ater

432 2031 549 2124 Hadriae
564 2034 628 2090 novi
643 2034 722 2089 sinus
736 2042 764 2089 et
777 2034 845 2108 quid
857 2035 938 2091 albus

667 2111 773 2168 Peccet
787 2110 884 2187 Iapyx

431 2188 566 2246 Hostium
580 2208 681 2254 uxores
694 2189 830 2278 puerique
844 2209 936 2249 caecos

432 2267 563 2324 Sentiant
576 2277 669 2324 motus
682 2267 799 2325 orientis
813 2268 922 2341 Austri,
937 2277 966 2326 et

432 2346 566 2422 AEquoris
579 2346 654 2423 nigri
668 2346 821 2419 fremitum,
835 2357 865 2404 et
877 2357 1031 2408 trementes

665 2426 793 2484 Verbere
807 2393 897 2503 ripas!
956 2494 958 2498 Α

432 2505 482 2563 Sic
496 2515 525 2562 et
538 2504 694 2582 Europe'
666 2525 781 2564 niveum
796 2507 893 2565 doloso

431 2584 561 2643 Credidit
574 2595 655 2644 tauro
669 2585 752 2658 latuS,
766 2597 795 2644 et
809 2596 971 2645 scatentem

430 2663 538 2722 Belluis
551 2676 669 2742 pontum
683 2633 848 2743 mediasque
862 2662 980 2734 fraudes

667 2745 772 2803 Palluit
785 2748 886 2805 audax.
926 2790 929 2806 .
956 2758 967 2793 2

430 2821 531 2898 Nuper
544 2823 575 2880 in
588 2823 675 2897 pratis
689 2825 817 2882 studiosa
831 2825 942 2897 florum,
955 2835 986 2883 et

430 2899 541 2957 Debitae
555 2899 698 2974 Nymphis
711 2902 806 2975 opifex
816 2921 938 2975 coronae,

430 2977 525 3037 Nocte
540 2978 673 3034 sublustri
688 2978 759 3034 nihil
775 2990 849 3036 astra
862 2992 963 3054 praeter

666 3056 747 3114 Vidit
762 3068 791 3114 et
804 3058 904 3114 undas.

428 3134 505 3195 Quae
518 3135 602 3192 simul
616 3145 732 3191 centum
747 3136 840 3211 tetigit
852 3145 996 3210 potentem

429 3212 550 3288 Oppidis
564 3213 680 3283 Creten,
695 3213 814 3286 “Pater,
828 3233 846 3270 o
859 3214 991 3271 relictum

393 3303 395 3306 ’
429 3291 510 3349 Filiae
525 3311 640 3364 nomen,
654 3292 828 3367 pietasque,''
844 3292 923 3366 dixit,

665 3371 779 3428 “Victa
793 3371 902 3429 furore!

429 3448 533 3507 Undel
553 3445 610 3525 qud
624 3449 710 3507 venil
730 3450 815 3507 Levis
829 3469 888 3508 una
901 3469 976 3508 mors
989 3462 1033 3511 est

429 3529 581 3605 Virginum
595 3529 693 3605 culpae.
734 3530 903 3606 vigilansne
916 3531 996 3607 ploro

428 3607 529 3684 Turpe
542 3610 746 3667 commissuml
767 3629 804 3667 an
818 3610 894 3668 vitiis
908 3619 1053 3668 carentem

665 3688 753 3745 Ludit
771 3689 866 3764 imago

428 3764 522 3835 Vana,
537 3784 600 3839 qum
613 3766 694 3840 portal
709 3766 821 3841 fugiens
834 3766 944 3823 eburna

430 3843 578 3900 Somnium
594 3845 690 3900 ducitl
732 3841 876 3902 Melidsne
891 3843 995 3902 fluctus
1075 3889 1079 3892 -

429 3921 476 3979 Ire
489 3941 539 3997 per
553 3921 652 3998 longos
666 3921 727 3993 suit,
742 3941 780 3979 an
794 3933 925 3979 recentes

665 3999 790 4074 Carpere
804 3999 907 4059 floresl

430 4078 462 4136 Si
476 4079 539 4154 quis
553 4077 686 4136 infamem
699 4079 770 4136 mihi
785 4098 864 4136 nunc
874 4080 1031 4156 juvencum

429 4156 524 4217 Dedat
537 4157 630 4216 iratael
652 4156 778 4217 lacerare
793 4158 875 4233 ferro,
889 4170 919 4218 et
