3084 4900
630 573 663 630 Q.
680 571 827 622 HORATII
844 572 969 622 FLACCI

691 794 776 853 ODE
795 794 913 854 XXIX.

598 931 639 972 An
653 932 819 973 nonnum
832 933 999 973 munau.

462 1032 491 1091 Ο
505 1051 586 1106 mvn,
599 1044 712 1109 gratum
725 1050 790 1108 quae
803 1032 879 1109 regis
893 1033 1025 1107 Antium,

464 1113 594 1171 Praesens
607 1112 651 1171 vel
666 1111 723 1168 imo
736 1110 834 1169 tollere
848 1113 884 1168 de
897 1112 989 1186 gradu

502 1189 624 1249 Mortale
637 1208 749 1265 corpus,
763 1190 807 1246 vel
821 1190 957 1266 superbos

542 1268 661 1326 Vertere
676 1268 823 1325 funeribus
836 1269 1010 1344 triumphos:

464 1347 511 1407 Te
523 1366 630 1424 pauper
644 1347 732 1404 ambit
745 1347 868 1404 sollicita
881 1366 966 1423 prece

463 1427 554 1486 Ruris
567 1427 701 1495 colonus3
722 1437 750 1483 te
764 1426 909 1483 dominam
924 1425 1052 1502 aequoris,

504 1505 682 1580 Quicunque
696 1505 820 1580 Bithyna
833 1505 948 1563 lacessit
1047 1520 1053 1579 t

542 1584 727 1659 Carpathium
742 1585 859 1661 pelagus
872 1584 979 1642 carina.
1036 1582 1052 1645 f

464 1663 510 1721 Te
524 1663 622 1720 Dacus
636 1682 725 1739 asper,
741 1675 768 1721 te
779 1664 893 1740 vprofugi
908 1665 1031 1740 Scythae,

463 1742 622 1817 Urbesque,
635 1754 801 1819 gentesque,
816 1754 845 1801 et
859 1744 973 1801 Latium
987 1744 1075 1816 ferox,

506 1822 679 1898 Regumque
693 1834 797 1880 matres
812 1824 1003 1896 barbarorum,
1017 1832 1047 1880 et

541 1902 680 1979 Purpurei
695 1913 825 1961 metuunt
839 1904 963 1978 tyranni,

463 1980 604 2056 Injurioso
618 2000 655 2038 ne
669 1983 741 2057 pede
756 2001 872 2057 proruas

464 2062 594 2117 Stantem
608 2060 781 2132 columnam,
796 2079 853 2116 neu
866 2061 987 2135 populus
1000 2060 1132 2135 frequens

503 2138 553 2194 Ad
566 2156 645 2194 arma
658 2149 803 2194 cessantes
816 2139 852 2194 ad
866 2157 945 2195 arma
1103 2153 1111 2163 ‘

543 2215 685 2287 Concitet,
700 2211 906 2293 imperiumque
920 2218 1040 2291 frangat.

465 2294 511 2353 Te
525 2313 635 2370 semper
649 2296 738 2352 anteit
751 2314 825 2352 saeva
839 2295 1014 2367 Necessitas,

465 2374 568 2432 Claros
581 2373 703 2430 trabales
716 2383 745 2431 et
758 2393 866 2433 cuneos
879 2394 967 2431 manu

504 2455 628 2512 Gestaris
642 2454 752 2524 ahena3
774 2475 829 2513 nec
843 2474 957 2511 severus

543 2532 643 2591 Uncus
656 2533 745 2607 abest,
759 2534 955 2611 liquidumque
968 2531 1126 2610 plumbum.

463 2611 510 2670 Te
525 2613 597 2689 Spes
610 2623 639 2669 et
653 2613 717 2672 albo
731 2633 795 2672 rara
809 2614 897 2672 Fides
912 2613 979 2671 colit

464 2693 565 2753 Velata
577 2711 688 2769 pann03
711 2713 766 2752 nec
779 2696 913 2753 comitem
927 2694 1059 2769 abnegat,

503 2773 655 2847 Utcunque
669 2773 778 2830 mutata
791 2786 921 2850 potentes

543 2852 631 2908 Veste
646 2851 744 2908 domos
758 2851 875 2908 inimica
889 2852 1001 2926 linquis.

464 2929 505 2986 At
517 2929 619 3004 vulgus
633 2925 753 2986 infidum
768 2941 797 2986 et
810 2931 943 2986 meretrix
956 2942 1031 2987 retro

465 3007 583 3082 Perjura
597 3008 689 3066 cedit:
710 3007 864 3083 diffugiunt
878 3007 957 3064 cadis

504 3087 579 3143 Cum
594 3087 663 3145 faece
677 3086 792 3143 siccatis
806 3087 901 3158 amici,

542 3165 630 3224 Ferre
643 3167 743 3243 jugum
757 3165 861 3240 pariter
876 3164 973 3222 dolosi.

464 3244 566 3303 Servos
576 3245 682 3303 iturum
696 3244 841 3301 Caesarem
856 3245 886 3300 in
900 3244 1014 3300 ultimos

463 3322 550 3380 Orbis
564 3323 725 3395 Britannos
739 3335 769 3380 et
779 3323 916 3398 juvenum
931 3340 1031 3379 recens

503 3402 631 3461 Examen
646 3403 715 3461 Eois
729 3402 887 3459 timendum

544 3482 685 3555 Partibus,
699 3482 875 3557 Oceanoque
889 3481 999 3538 Rubro.

463 3559 562 3619 Eheu!
584 3563 749 3620 cicatricum
764 3573 792 3620 et
806 3561 922 3619 sceleris
934 3560 1043 3636 pudet‚>

465 3640 659 3718 b‘ratrumque.
700 3642 782 3703 Quid
796 3661 849 3698 nos
863 3642 934 3697 dura
946 3637 1103 3714 refugimus

503 3721 605 3778 AEtasf
626 3722 692 3796 quid
708 3722 845 3777 intactum
861 3719 963 3776 nefasti

541 3798 707 3873 Liquimusf
729 3800 805 3854 unde
820 3816 936 3854 manum
948 3797 1082 3871 juventus

463 3874 545 3933 Metu
559 3878 676 3934 deorum
691 3877 851 3934 continuit?
872 3876 990 3950 quibust

463 3955 594 4031 Pepercit
608 3957 692 4013 arisi.
703 4000 726 4012 ..
742 3955 770 4013 Ο
785 3955 892 4011 utinam
906 3955 980 4012 nova

504 4035 615 4092 incude
629 4034 761 4110 diffingas
776 4045 900 4090 retusum
916 4034 945 4090 in

542 4114 719 4191 Massagetas
733 4115 899 4187 Arabasque
914 4110 1035 4170 ferrum!

1260 2137 1298 2195 15
