3084 4900
538 643 738 692 CARMINUM
756 643 822 692 LIB.
839 644 889 693 111.

414 787 475 845 Aut
488 784 592 843 crescit
606 787 727 840 Albanis
741 786 770 841 in
786 786 882 843 herbis

451 865 586 935 Victima,
601 863 768 939 pontificum
783 882 898 921 secures

374 945 494 1003 Cervrce
508 944 607 1018 tinget.
642 942 688 999 Te
703 943 774 998 nihil
789 942 890 999 attinet

374 1025 502 1082 Tentare
516 1022 605 1079 multa
620 1022 699 1077 caede
713 1022 874 1078 bidentium

414 1103 520 1160 Parvos
533 1111 717 1158 coronantem
730 1100 842 1157 marino

454 1181 533 1237 Rore
548 1181 627 1251 deos,
643 1179 788 1254 fragilique
802 1188 902 1254 myrto.

376 1259 517 1318 Immunis
531 1278 608 1315 aram
622 1259 646 1315 si
660 1258 753 1334 tetigit
766 1277 878 1330 manus,

375 1338 443 1397 Non
458 1338 622 1413 sumptuosa
636 1338 764 1394 blandior
778 1338 881 1411 hostiis,

415 1416 537 1474 Mollivit
550 1436 661 1473 aversos
675 1416 799 1472 Penates

454 1495 542 1553 Farre
556 1495 603 1571 pio
613 1507 642 1553 et
655 1495 772 1552 saliente
786 1494 870 1552 micel.

606 1809 691 1867 ODE
705 1808 822 1866 XVIII.

553 1947 587 1986 m
608 1947 728 1985 mvmns
749 1945 872 1985 Arsaos

494 2046 639 2105 Inrrcms
653 2047 813 2123 opulentior

336 2126 494 2187 Thesauris
509 2126 636 2183 Arabum
650 2137 679 2183 et
693 2127 786 2184 divitis
800 2126 902 2199 Indiae,

496 2204 651 2263 Caementis
664 2206 731 2263 licet
743 2225 869 2282 occupes

336 2285 518 2363 Tyrrhenum
531 2304 617 2344 omne
631 2284 686 2342 tuis
699 2296 728 2342 et
741 2304 819 2342 mare
834 2283 1009 2361 Apulicum3

320 2429 326 2442 N
494 2364 526 2420 Si
540 2365 601 2440 figit
615 2365 812 2422 adamantinos

337 2444 463 2502 Summis
476 2444 628 2501 verticibus
642 2444 703 2500 dira
716 2443 882 2502 Necessitas

494 2524 607 2594 Clavus,
622 2542 679 2580 non
694 2523 821 2579 animum
835 2533 924 2595 metu,

335 2601 404 2660 Non
418 2603 516 2659 mortis
529 2602 637 2675 laqueis
650 2602 784 2674 expedies
798 2609 891 2674 caput.
929 2665 938 2669 ,.

494 2681 676 2754 Campestres
690 2675 792 2735 melids
807 2679 930 2752 Scythae,

333 2760 468 2821 Quorum
482 2759 606 2833 plaustra
619 2776 703 2832 vagas
717 2754 770 2814 rite
786 2757 901 2816 trahunt
914 2757 1022 2831 domos,
1046 2812 1050 2818 .

495 2838 611 2908 Vivunt,
626 2847 655 2893 et
668 2835 751 2912 rigidi
765 2837 864 2908 Getae;
912 2888 915 2895 s

334 2917 486 2974 Immetata
499 2917 601 2990 quibus
611 2916 712 2991 jugera
726 2917 829 2974 liberas

493 2996 603 3071 Fruges
616 3007 645 3053 et
659 2996 794 3054 Cererem
809 2998 913 3070 serunt,

334 3075 400 3133 Nec
414 3075 524 3131 cultura
538 3075 630 3150 placet
644 3076 753 3151 longior
767 3075 864 3132 annuit
872 3097 880 3146 ;

494 3154 725 3230 Defunctumque
739 3155 882 3213 laboribus

336 3232 450 3308 AEquali
464 3244 573 3290 recreat
587 3246 660 3291 sorte
674 3234 804 3293 vicarius.

494 3312 557 3369 Illic
572 3324 661 3370 matre
675 3314 839 3371 carentibus

336 3391 476 3469 Privignis
490 3391 591 3449 mulier
604 3401 743 3467 temperat
756 3393 910 3465 innocens;

343 3469 346 3473 ’
494 3470 523 3525 N
526 3490 560 3527 eo
574 3471 669 3527 dotata
683 3471 756 3546 regit
770 3472 861 3528 virum

335 3548 458 3626 conjux,
472 3568 528 3606 nec
541 3549 631 3619 nitido
645 3548 706 3606 fidit
720 3549 866 3606 adultero:

493 3628 554 3685 Dos
568 3638 611 3683 est
624 3646 729 3701 magna
741 3628 901 3701 parentium

342 3705 450 3780 Virtus,
465 3716 493 3763 et
507 3715 637 3763 metuens
652 3706 766 3779 alterius
781 3706 832 3762 viri

493 3786 580 3851 Certo
594 3786 701 3842 foedere
713 3785 839 3878 casqtqs,

335 3861 373 3922 Et
386 3883 507 3940 peccare
522 3865 610 3938 nefas,
626 3876 674 3922 aut
687 3858 810 3941 pretinin
823 3849 922 3931 arnoli

492 3943 521 4001 Ο
535 3946 660 4020 quisquis
674 3945 748 4002 volet
762 3945 863 4022 impias

334 4020 448 4094 Caedes,
462 4034 491 4080 et
509 4025 611 4093 *abiem
626 4024 724 4082 tollere
738 4025 870 4096 civicam,

483 4111 487 4154 5
505 4094 646 4177 Jquaeret
658 4114 737 4178 pater
752 4104 865 4160 urbium

335 4180 606 4317 Subffllgifffl‘lib
622 4183 788 4240 indomitam
802 4182 905 4239 audeat

416 4309 423 4331 r
