3084 4900
522 597 721 649 CARMINUM
738 596 804 645 LIB.
823 597 844 645 Ι.

578 819 662 879 ODE
682 822 784 880 XXX.

512 957 552 996 An
564 957 697 997 PLOTIUM
710 956 864 998 NUMIDAM.

468 1056 514 1113 Eu
527 1057 609 1113 thure
623 1066 652 1113 et
665 1056 769 1114 fidibus
779 1057 859 1132 juvat

350 1138 468 1197 Plaoare
489 1146 518 1193 et
530 1135 610 1192 vituli
624 1137 763 1211 sanguine
778 1135 875 1193 debito

467 1214 608 1271 Custodes
621 1214 764 1272 Numidae
770 1216 849 1286 deos,

349 1293 412 1358 Qui
425 1312 503 1351 mmo
517 1293 659 1370 Hesperii
672 1313 769 1369 sospes
783 1294 819 1351 ab
833 1292 934 1351 ultimo

469 1372 551 1429 Caris
564 1372 653 1429 multa
666 1373 819 1445 sodalibus,

350 1451 431 1509 Nulli
444 1450 525 1527 plura
538 1452 747 1524 tamen,dividit
760 1451 868 1524 oscula,

468 1528 566 1591 Quam
581 1531 657 1587 dulei
671 1531 798 1601 Lamiae3
819 1548 927 1588 memor

352 1612 435 1668 Aotae
448 1628 505 1666 non
519 1610 574 1666 alio
588 1628 654 1685 rege
668 1611 797 1685 puertiae,

379 1713 381 1717 ·
469 1687 643 1762 Mutataeque
657 1690 740 1745 simui
755 1700 838 1763 togae.

350 1766 455 1825 Cressa
469 1785 506 1823 ne
520 1778 616 1823 careat
628 1766 747 1841 pulchra
760 1768 822 1823 dies
836 1766 921 1835 notd3

469 1843 536 1900 Neu
549 1856 685 1919 promptae
699 1846 801 1902 modus
815 1845 976 1918 amphorae:

351 1922 419 1982 Neu
433 1920 540 1981 morem
554 1923 584 1979 in
599 1923 707 1980 Salirim
721 1925 757 1980 sit
770 1923 882 1998 requies
892 1922 1014 1999 pedum:

470 2001 539 2059 Neu
552 2002 633 2058 multi
647 2001 776 2059 Damalis
790 2003 861 2059 meri

350 2082 470 2141 Bassum
484 2080 624 2138 Threicia
639 2081 733 2140 vineat
747 2081 902 2157 amystide:

467 2159 535 2217 Neu
550 2160 643 2218 desint
656 2162 747 2237 epulis
761 2180 842 2233 rosae,

350 2238 418 2299 Neu
431 2239 512 2297 vivax
525 2240 630 2316 apium,
645 2258 702 2297 neu
713 2242 798 2298 breve
811 2241 911 2298 lilium.

576 2557 660 2614 ODE
680 2557 798 2616 XXXI.

594 2691 635 2730 AD
649 2692 789 2731 SODALES.

371 2790 402 2850 N
404 2808 462 2850 uuo
473 2800 517 2848 est
530 2790 696 2864 bibendum,
710 2811 790 2850 nuno
803 2793 875 2869 pede
888 2790 978 2850 libero

372 2870 516 2928 Pulsanda
529 2870 627 2941 tellus3
649 2890 728 2928 nuno
742 2871 899 2929 Saliaribus

418 2949 530 3006 Ornare
543 2951 672 3025 pulvinar
686 2952 804 3009 deorum

449 3026 577 3104 Tempus
591 3041 651 3087 erat
665 3030 794 3105 dapibus,
808 3030 927 3088 sodales.

371 3108 504 3166 Antehac
518 3108 598 3165 nefas
612 3110 776 3185 depromere
790 3110 947 3167 Caeeubum

372 3187 460 3244 Cellis
474 3187 564 3258 avitis
580 3189 648 3244 dum
662 3188 804 3264 Capitolio

409 3266 526 3339 Regina
540 3267 686 3324 dementes
700 3267 806 3338 ruinae,

449 3343 550 3401 Funus
563 3358 592 3403 et
602 3346 720 3422 imperio
733 3346 861 3422 parabat,

373 3423 573 3482 contaminato
587 3444 653 3481 oum
667 3444 753 3500 grege
767 3425 891 3501 turpium

371 3501 473 3560 Morbo
486 3503 618 3574 virorum,
632 3503 770 3577 quidlibet
783 3505 923 3578 impotens

376 3580 378 3585 ’
412 3582 543 3657 sperare,
558 3579 726 3654 fortunisque
740 3582 818 3650 dulci

449 3658 545 3716 Ebria.
587 3659 645 3716 Sed
660 3660 762 3716 minuit
776 3660 898 3716 furorem

372 3738 430 3796 Vix
443 3757 501 3795 una
515 3757 612 3813 sospes
625 3739 705 3795 navis
719 3739 755 3795 ab
769 3738 901 3814 ignibus:

372 3816 557 3892 Montemque
571 3817 743 3894 lymphatam
757 3815 915 3874 Mareotico

410 3896 538 3972 Redegit
550 3898 579 3953 in
595 3916 675 3954 veros
689 3898 805 3954 timores

454 3976 559 4048 Caesar,
574 3977 609 4032 ab
624 3976 707 4033 Italia
722 3977 863 4033 volantem

374 4053 477 4111 Remis
491 4055 643 4131 adurgens,
659 4055 793 4129 accipiter
808 4054 883 4110 velut

373 4132 476 4190 Molles
489 4134 644 4206 columbas,
659 4145 708 4191 aut
721 4135 845 4209 leporem
860 4131 933 4188 citus
