<?xml version="1.0" encoding="UTF-8"?>
<!DOCTYPE html PUBLIC "-//W3C//DTD XHTML 1.0 Transitional//EN"
    "http://www.w3.org/TR/xhtml1/DTD/xhtml1-transitional.dtd">
<html xmlns="http://www.w3.org/1999/xhtml" xml:lang="en" lang="en">
 <head>
  <title>
</title>
<meta http-equiv="Content-Type" content="text/html;charset=utf-8" />
  <meta name='ocr-system' content='tesseract 3.04.00' />
  <meta name='ocr-capabilities' content='ocr_page ocr_carea ocr_par ocr_line ocrx_word'/>
</head>
<body>
  <div class='ocr_page' id='page_1' title='image "./quintihoratiifl00horagoog_0172.png"; bbox 0 0 3084 4900; ppageno 0'>
   <div class='ocr_carea' id='block_1_1' title="bbox 512 616 923 669">
    <p class='ocr_par' dir='ltr' id='par_1_1' title="bbox 512 616 923 669">
     <span class='ocr_line' id='line_1_1' title="bbox 512 616 923 669; baseline 0.007 -5"><span class='ocrx_word' id='word_1_1' title='bbox 512 616 759 666; x_wconf 80' lang='lat' dir='ltr'>EPISTOLARUM</span> <span class='ocrx_word' id='word_1_2' title='bbox 778 619 923 669; x_wconf 80' lang='lat' dir='ltr'>L1B.1.7.</span> 
     </span>
    </p>
   </div>
   <div class='ocr_carea' id='block_1_2' title="bbox 258 757 1242 3841">
    <p class='ocr_par' dir='ltr' id='par_1_2' title="bbox 292 757 1060 996">
     <span class='ocr_line' id='line_1_2' title="bbox 294 757 1016 839; baseline 0.01 -25"><span class='ocrx_word' id='word_1_3' title='bbox 294 757 342 815; x_wconf 83' lang='lat' dir='ltr'>Ad</span> <span class='ocrx_word' id='word_1_4' title='bbox 357 777 435 816; x_wconf 92' lang='lat' dir='ltr'>mare</span> <span class='ocrx_word' id='word_1_5' title='bbox 449 759 605 817; x_wconf 84' lang='lat' dir='ltr'>descendet</span> <span class='ocrx_word' id='word_1_6' title='bbox 618 771 696 818; x_wconf 83' lang='lat' dir='ltr'>vates</span> <span class='ocrx_word' id='word_1_7' title='bbox 710 771 785 833; x_wconf 89' lang='lat' dir='ltr'>tuus,</span> <span class='ocrx_word' id='word_1_8' title='bbox 799 772 828 819; x_wconf 95' lang='lat' dir='ltr'>et</span> <span class='ocrx_word' id='word_1_9' title='bbox 842 764 895 820; x_wconf 90' lang='lat' dir='ltr'>sibi</span> <span class='ocrx_word' id='word_1_10' title='bbox 909 774 1016 839; x_wconf 81' lang='lat' dir='ltr'>parcet,</span> 
     </span>
     <span class='ocr_line' id='line_1_3' title="bbox 293 837 1022 915; baseline 0.01 -21"><span class='ocrx_word' id='word_1_11' title='bbox 293 837 520 914; x_wconf 89' lang='lat' dir='ltr'>Contractusque</span> <span class='ocrx_word' id='word_1_12' title='bbox 530 840 623 915; x_wconf 83' lang='lat' dir='ltr'>leget3</span> <span class='ocrx_word' id='word_1_13' title='bbox 645 852 683 911; x_wconf 90' lang='lat' dir='ltr'>te,</span> <span class='ocrx_word' id='word_1_14' title='bbox 698 841 790 897; x_wconf 92' lang='lat' dir='ltr'>dulcis</span> <span class='ocrx_word' id='word_1_15' title='bbox 805 843 905 914; x_wconf 80' lang='lat' dir='ltr'>amice,</span> <span class='ocrx_word' id='word_1_16' title='bbox 920 845 1022 901; x_wconf 88' lang='lat' dir='ltr'>reviset</span> 
     </span>
     <span class='ocr_line' id='line_1_4' title="bbox 292 916 1060 996; baseline 0.007 -22"><span class='ocrx_word' id='word_1_17' title='bbox 292 916 368 974; x_wconf 89' lang='lat' dir='ltr'>Cum</span> <span class='ocrx_word' id='word_1_18' title='bbox 382 916 533 993; x_wconf 88' lang='lat' dir='ltr'>Zephyris,</span> <span class='ocrx_word' id='word_1_19' title='bbox 548 920 571 975; x_wconf 90' lang='lat' dir='ltr'>si</span> <span class='ocrx_word' id='word_1_20' title='bbox 585 920 736 991; x_wconf 83' lang='lat' dir='ltr'>concedes,</span> <span class='ocrx_word' id='word_1_21' title='bbox 751 932 780 976; x_wconf 93' lang='lat' dir='ltr'>et</span> <span class='ocrx_word' id='word_1_22' title='bbox 794 920 947 977; x_wconf 88' lang='lat' dir='ltr'>hirundine</span> <span class='ocrx_word' id='word_1_23' title='bbox 960 921 1060 996; x_wconf 69' lang='lat' dir='ltr'>prima.</span> 
     </span>
    </p>

    <p class='ocr_par' dir='ltr' id='par_1_3' title="bbox 291 995 1242 2098">
     <span class='ocr_line' id='line_1_5' title="bbox 332 995 1102 1077; baseline 0.008 -25"><span class='ocrx_word' id='word_1_24' title='bbox 332 995 410 1068; x_wconf 87' lang='lat' dir='ltr'>Non,</span> <span class='ocrx_word' id='word_1_25' title='bbox 424 1016 479 1071; x_wconf 85' lang='lat' dir='ltr'>quo</span> <span class='ocrx_word' id='word_1_26' title='bbox 493 1017 570 1054; x_wconf 91' lang='lat' dir='ltr'>more</span> <span class='ocrx_word' id='word_1_27' title='bbox 583 998 659 1072; x_wconf 85' lang='lat' dir='ltr'>pyris</span> <span class='ocrx_word' id='word_1_28' title='bbox 673 999 749 1055; x_wconf 90' lang='lat' dir='ltr'>vesci</span> <span class='ocrx_word' id='word_1_29' title='bbox 763 998 885 1056; x_wconf 85' lang='lat' dir='ltr'>Calaber</span> <span class='ocrx_word' id='word_1_30' title='bbox 896 1000 977 1075; x_wconf 86' lang='lat' dir='ltr'>jubet</span> <span class='ocrx_word' id='word_1_31' title='bbox 990 1002 1102 1077; x_wconf 84' lang='lat' dir='ltr'>hospes,</span> 
     </span>
     <span class='ocr_line' id='line_1_6' title="bbox 292 1073 1242 1151; baseline 0.006 -20"><span class='ocrx_word' id='word_1_32' title='bbox 292 1073 342 1131; x_wconf 86' lang='lat' dir='ltr'>Tu</span> <span class='ocrx_word' id='word_1_33' title='bbox 356 1094 402 1132; x_wconf 88' lang='lat' dir='ltr'>me</span> <span class='ocrx_word' id='word_1_34' title='bbox 416 1076 507 1132; x_wconf 88' lang='lat' dir='ltr'>fecisti</span> <span class='ocrx_word' id='word_1_35' title='bbox 521 1076 699 1151; x_wconf 88' lang='lat' dir='ltr'>locupletem.</span> <span class='ocrx_word' id='word_1_36' title='bbox 741 1081 758 1107; x_wconf 89' lang='lat'>“</span> <span class='ocrx_word' id='word_1_37' title='bbox 775 1078 909 1151; x_wconf 90' lang='lat' dir='ltr'>Vescere,</span> <span class='ocrx_word' id='word_1_38' title='bbox 924 1080 1070 1136; x_wconf 86' lang='lat' dir='ltr'>sodes.’&#39;-</span> <span class='ocrx_word' id='word_1_39' title='bbox 1204 1080 1242 1137; x_wconf 85' lang='lat'>15</span> 
     </span>
     <span class='ocr_line' id='line_1_7' title="bbox 293 1152 1242 1235; baseline 0.008 -26"><span class='ocrx_word' id='word_1_40' title='bbox 293 1158 311 1183; x_wconf 90' lang='lat'><strong>“</strong></span> <span class='ocrx_word' id='word_1_41' title='bbox 327 1153 345 1209; x_wconf 89' lang='lat' dir='ltr'>J</span> <span class='ocrx_word' id='word_1_42' title='bbox 348 1173 393 1210; x_wconf 93' lang='lat' dir='ltr'>am</span> <span class='ocrx_word' id='word_1_43' title='bbox 407 1152 475 1211; x_wconf 82' lang='lat' dir='ltr'>satis</span> <span class='ocrx_word' id='word_1_44' title='bbox 488 1156 618 1211; x_wconf 87' lang='lat' dir='ltr'>est.”-“</span> <span class='ocrx_word' id='word_1_45' title='bbox 628 1157 669 1212; x_wconf 90' lang='lat' dir='ltr'>At</span> <span class='ocrx_word' id='word_1_46' title='bbox 682 1168 713 1212; x_wconf 92' lang='lat' dir='ltr'>tu</span> <span class='ocrx_word' id='word_1_47' title='bbox 726 1157 906 1229; x_wconf 89' lang='lat' dir='ltr'>quantumvis</span> <span class='ocrx_word' id='word_1_48' title='bbox 920 1158 1066 1215; x_wconf 88' lang='lat' dir='ltr'>tolle.&#39;&#39;-“</span> <span class='ocrx_word' id='word_1_49' title='bbox 1081 1154 1242 1235; x_wconf 58' lang='lat' dir='ltr'>Benigne!</span> 
     </span>
     <span class='ocr_line' id='line_1_8' title="bbox 293 1232 1045 1311; baseline 0.005 -22"><span class='ocrx_word' id='word_1_50' title='bbox 293 1236 312 1262; x_wconf 92' lang='lat'>“</span> <span class='ocrx_word' id='word_1_51' title='bbox 328 1232 396 1290; x_wconf 91' lang='lat' dir='ltr'>Non</span> <span class='ocrx_word' id='word_1_52' title='bbox 410 1234 500 1290; x_wconf 90' lang='lat' dir='ltr'>invisa</span> <span class='ocrx_word' id='word_1_53' title='bbox 514 1234 586 1290; x_wconf 86' lang='lat' dir='ltr'>seres</span> <span class='ocrx_word' id='word_1_54' title='bbox 597 1234 692 1309; x_wconf 89' lang='lat' dir='ltr'>pueris</span> <span class='ocrx_word' id='word_1_55' title='bbox 706 1235 876 1293; x_wconf 90' lang='lat' dir='ltr'>munuscula</span> <span class='ocrx_word' id='word_1_56' title='bbox 889 1237 1045 1311; x_wconf 87' lang='lat' dir='ltr'>parvis.&#39;&#39;-</span> 
     </span>
     <span class='ocr_line' id='line_1_9' title="bbox 293 1311 1088 1388; baseline 0.005 -20"><span class='ocrx_word' id='word_1_57' title='bbox 293 1316 311 1341; x_wconf 92' lang='lat'><strong>“</strong></span> <span class='ocrx_word' id='word_1_58' title='bbox 327 1311 403 1368; x_wconf 85' lang='lat' dir='ltr'>Tam</span> <span class='ocrx_word' id='word_1_59' title='bbox 416 1323 514 1370; x_wconf 90' lang='lat' dir='ltr'>teneor</span> <span class='ocrx_word' id='word_1_60' title='bbox 528 1314 612 1384; x_wconf 92' lang='lat' dir='ltr'>dono,</span> <span class='ocrx_word' id='word_1_61' title='bbox 626 1311 712 1388; x_wconf 73' lang='lat' dir='ltr'>quam</span> <span class='ocrx_word' id='word_1_62' title='bbox 727 1314 751 1369; x_wconf 93' lang='lat' dir='ltr'>si</span> <span class='ocrx_word' id='word_1_63' title='bbox 766 1314 890 1371; x_wconf 91' lang='lat' dir='ltr'>dimittar</span> <span class='ocrx_word' id='word_1_64' title='bbox 904 1319 1088 1372; x_wconf 89' lang='lat' dir='ltr'>onustus.’&#39;-</span> 
     </span>
     <span class='ocr_line' id='line_1_10' title="bbox 293 1390 1115 1471; baseline 0.005 -24"><span class='ocrx_word' id='word_1_65' title='bbox 293 1395 311 1420; x_wconf 93' lang='lat'>“</span> <span class='ocrx_word' id='word_1_66' title='bbox 324 1390 362 1447; x_wconf 93' lang='lat' dir='ltr'>Ut</span> <span class='ocrx_word' id='word_1_67' title='bbox 375 1391 459 1448; x_wconf 90' lang='lat' dir='ltr'>libet:</span> <span class='ocrx_word' id='word_1_68' title='bbox 481 1393 543 1448; x_wconf 88' lang='lat' dir='ltr'>haec</span> <span class='ocrx_word' id='word_1_69' title='bbox 556 1393 649 1467; x_wconf 91' lang='lat' dir='ltr'>porcis</span> <span class='ocrx_word' id='word_1_70' title='bbox 663 1393 747 1449; x_wconf 91' lang='lat' dir='ltr'>hodie</span> <span class='ocrx_word' id='word_1_71' title='bbox 761 1394 938 1451; x_wconf 89' lang='lat' dir='ltr'>comedenda</span> <span class='ocrx_word' id='word_1_72' title='bbox 952 1394 1115 1471; x_wconf 84' lang='lat' dir='ltr'>relinquis.’¹</span> 
     </span>
     <span class='ocr_line' id='line_1_11' title="bbox 292 1469 1241 1546; baseline 0.005 -20"><span class='ocrx_word' id='word_1_73' title='bbox 292 1469 433 1545; x_wconf 85' lang='lat' dir='ltr'>Prodigus</span> <span class='ocrx_word' id='word_1_74' title='bbox 446 1480 475 1527; x_wconf 92' lang='lat' dir='ltr'>et</span> <span class='ocrx_word' id='word_1_75' title='bbox 488 1471 590 1528; x_wconf 90' lang='lat' dir='ltr'>stultus</span> <span class='ocrx_word' id='word_1_76' title='bbox 604 1472 690 1528; x_wconf 91' lang='lat' dir='ltr'>donat</span> <span class='ocrx_word' id='word_1_77' title='bbox 703 1490 766 1546; x_wconf 84' lang='lat' dir='ltr'>quae</span> <span class='ocrx_word' id='word_1_78' title='bbox 780 1473 888 1546; x_wconf 90' lang='lat' dir='ltr'>spernit</span> <span class='ocrx_word' id='word_1_79' title='bbox 901 1484 930 1530; x_wconf 93' lang='lat' dir='ltr'>et</span> <span class='ocrx_word' id='word_1_80' title='bbox 943 1474 1011 1530; x_wconf 92' lang='lat' dir='ltr'>odit.</span> <span class='ocrx_word' id='word_1_81' title='bbox 1201 1472 1241 1531; x_wconf 77' lang='lat'>20</span> 
     </span>
     <span class='ocr_line' id='line_1_12' title="bbox 292 1548 1063 1625; baseline 0.005 -20"><span class='ocrx_word' id='word_1_82' title='bbox 292 1548 366 1606; x_wconf 82' lang='lat' dir='ltr'>Haec</span> <span class='ocrx_word' id='word_1_83' title='bbox 380 1568 461 1624; x_wconf 87' lang='lat' dir='ltr'>seges</span> <span class='ocrx_word' id='word_1_84' title='bbox 475 1550 599 1625; x_wconf 88' lang='lat' dir='ltr'>ingratos</span> <span class='ocrx_word' id='word_1_85' title='bbox 612 1550 684 1621; x_wconf 88' lang='lat' dir='ltr'>tulit,</span> <span class='ocrx_word' id='word_1_86' title='bbox 700 1561 728 1607; x_wconf 88' lang='lat' dir='ltr'>et</span> <span class='ocrx_word' id='word_1_87' title='bbox 742 1550 813 1607; x_wconf 86' lang='lat' dir='ltr'>feret</span> <span class='ocrx_word' id='word_1_88' title='bbox 825 1552 958 1609; x_wconf 90' lang='lat' dir='ltr'>omnibus</span> <span class='ocrx_word' id='word_1_89' title='bbox 972 1552 1063 1609; x_wconf 84' lang='lat' dir='ltr'>annis.</span> 
     </span>
     <span class='ocr_line' id='line_1_13' title="bbox 293 1628 1004 1706; baseline 0.006 -22"><span class='ocrx_word' id='word_1_90' title='bbox 293 1628 346 1684; x_wconf 88' lang='lat' dir='ltr'>Vir</span> <span class='ocrx_word' id='word_1_91' title='bbox 361 1629 453 1685; x_wconf 90' lang='lat' dir='ltr'>bonus</span> <span class='ocrx_word' id='word_1_92' title='bbox 467 1639 495 1685; x_wconf 96' lang='lat' dir='ltr'>et</span> <span class='ocrx_word' id='word_1_93' title='bbox 509 1629 622 1703; x_wconf 89' lang='lat' dir='ltr'>sapiens</span> <span class='ocrx_word' id='word_1_94' title='bbox 636 1629 730 1703; x_wconf 83' lang='lat' dir='ltr'>dignis</span> <span class='ocrx_word' id='word_1_95' title='bbox 744 1629 784 1686; x_wconf 90' lang='lat' dir='ltr'>ait</span> <span class='ocrx_word' id='word_1_96' title='bbox 797 1649 860 1686; x_wconf 88' lang='lat' dir='ltr'>esse</span> <span class='ocrx_word' id='word_1_97' title='bbox 874 1642 1004 1706; x_wconf 88' lang='lat' dir='ltr'>paratus;</span> 
     </span>
     <span class='ocr_line' id='line_1_14' title="bbox 292 1706 988 1785; baseline 0.004 -22"><span class='ocrx_word' id='word_1_98' title='bbox 292 1706 359 1764; x_wconf 89' lang='lat' dir='ltr'>Nec</span> <span class='ocrx_word' id='word_1_99' title='bbox 371 1717 468 1765; x_wconf 92' lang='lat' dir='ltr'>tamen</span> <span class='ocrx_word' id='word_1_100' title='bbox 481 1707 593 1784; x_wconf 89' lang='lat' dir='ltr'>ignorat</span> <span class='ocrx_word' id='word_1_101' title='bbox 606 1708 673 1782; x_wconf 93' lang='lat' dir='ltr'>quid</span> <span class='ocrx_word' id='word_1_102' title='bbox 688 1708 793 1764; x_wconf 90' lang='lat' dir='ltr'>distent</span> <span class='ocrx_word' id='word_1_103' title='bbox 807 1727 862 1765; x_wconf 89' lang='lat' dir='ltr'>aera</span> <span class='ocrx_word' id='word_1_104' title='bbox 875 1709 988 1785; x_wconf 86' lang='lat' dir='ltr'>lupinis.</span> 
     </span>
     <span class='ocr_line' id='line_1_15' title="bbox 292 1784 1209 1861; baseline 0 -20"><span class='ocrx_word' id='word_1_105' title='bbox 292 1784 420 1861; x_wconf 91' lang='lat' dir='ltr'>Dignum</span> <span class='ocrx_word' id='word_1_106' title='bbox 434 1786 572 1861; x_wconf 86' lang='lat' dir='ltr'>praestabo</span> <span class='ocrx_word' id='word_1_107' title='bbox 587 1805 631 1842; x_wconf 90' lang='lat' dir='ltr'>me</span> <span class='ocrx_word' id='word_1_108' title='bbox 646 1786 731 1844; x_wconf 89' lang='lat' dir='ltr'>etiam</span> <span class='ocrx_word' id='word_1_109' title='bbox 746 1805 797 1861; x_wconf 93' lang='lat' dir='ltr'>pro</span> <span class='ocrx_word' id='word_1_110' title='bbox 811 1786 894 1844; x_wconf 91' lang='lat' dir='ltr'>laude</span> <span class='ocrx_word' id='word_1_111' title='bbox 909 1787 1051 1845; x_wconf 89' lang='lat' dir='ltr'>merentis.</span> <span class='ocrx_word' id='word_1_112' title='bbox 1197 1815 1209 1841; x_wconf 68' lang='grc' dir='ltr'><strong><em>ο</em></strong></span> 
     </span>
     <span class='ocr_line' id='line_1_16' title="bbox 291 1863 1241 1939; baseline 0.001 -15"><span class='ocrx_word' id='word_1_113' title='bbox 291 1863 382 1926; x_wconf 72' lang='lat' dir='ltr'>Quod</span> <span class='ocrx_word' id='word_1_114' title='bbox 396 1866 420 1922; x_wconf 93' lang='lat' dir='ltr'>si</span> <span class='ocrx_word' id='word_1_115' title='bbox 434 1885 480 1921; x_wconf 93' lang='lat' dir='ltr'>me</span> <span class='ocrx_word' id='word_1_116' title='bbox 494 1865 573 1922; x_wconf 91' lang='lat' dir='ltr'>noles</span> <span class='ocrx_word' id='word_1_117' title='bbox 587 1884 705 1939; x_wconf 90' lang='lat' dir='ltr'>usquam</span> <span class='ocrx_word' id='word_1_118' title='bbox 720 1866 876 1938; x_wconf 89' lang='lat' dir='ltr'>discedere,</span> <span class='ocrx_word' id='word_1_119' title='bbox 890 1867 993 1924; x_wconf 86' lang='lat' dir='ltr'>reddes</span> <span class='ocrx_word' id='word_1_120' title='bbox 1200 1866 1241 1925; x_wconf 74' lang='lat'>25</span> 
     </span>
     <span class='ocr_line' id='line_1_17' title="bbox 292 1943 971 2021; baseline 0.006 -22"><span class='ocrx_word' id='word_1_121' title='bbox 292 1943 378 2001; x_wconf 87' lang='lat' dir='ltr'>Forte</span> <span class='ocrx_word' id='word_1_122' title='bbox 391 1945 475 2016; x_wconf 88' lang='lat' dir='ltr'>latus,</span> <span class='ocrx_word' id='word_1_123' title='bbox 489 1945 585 2019; x_wconf 92' lang='lat' dir='ltr'>nigros</span> <span class='ocrx_word' id='word_1_124' title='bbox 600 1945 721 2019; x_wconf 75' lang='lat' dir='ltr'>angusta</span> <span class='ocrx_word' id='word_1_125' title='bbox 735 1944 826 2001; x_wconf 87' lang='lat' dir='ltr'>fronte</span> <span class='ocrx_word' id='word_1_126' title='bbox 840 1945 971 2021; x_wconf 86' lang='lat' dir='ltr'>capillos;</span> 
     </span>
     <span class='ocr_line' id='line_1_18' title="bbox 291 2021 1006 2098; baseline 0.003 -19"><span class='ocrx_word' id='word_1_127' title='bbox 291 2022 411 2080; x_wconf 86' lang='lat' dir='ltr'>Reddes</span> <span class='ocrx_word' id='word_1_128' title='bbox 425 2022 509 2081; x_wconf 74' lang='lat' dir='ltr'>dulce</span> <span class='ocrx_word' id='word_1_129' title='bbox 524 2024 616 2098; x_wconf 91' lang='lat' dir='ltr'>loqui;</span> <span class='ocrx_word' id='word_1_130' title='bbox 639 2025 740 2080; x_wconf 86' lang='lat' dir='ltr'>reddes</span> <span class='ocrx_word' id='word_1_131' title='bbox 754 2024 846 2081; x_wconf 87' lang='lat' dir='ltr'>ridere</span> <span class='ocrx_word' id='word_1_132' title='bbox 860 2021 1006 2083; x_wconf 80' lang='lat' dir='ltr'>decoritm.</span> 
     </span>
    </p>

    <p class='ocr_par' dir='ltr' id='par_1_4' title="bbox 258 2100 1241 3446">
     <span class='ocr_line' id='line_1_19' title="bbox 331 2100 1010 2179; baseline 0.006 -21"><span class='ocrx_word' id='word_1_133' title='bbox 331 2100 418 2160; x_wconf 69' lang='lat' dir='ltr'>Forte</span> <span class='ocrx_word' id='word_1_134' title='bbox 432 2122 482 2179; x_wconf 92' lang='lat' dir='ltr'>per</span> <span class='ocrx_word' id='word_1_135' title='bbox 496 2114 646 2179; x_wconf 91' lang='lat' dir='ltr'>angustam</span> <span class='ocrx_word' id='word_1_136' title='bbox 659 2103 754 2159; x_wconf 89' lang='lat' dir='ltr'>tenuis</span> <span class='ocrx_word' id='word_1_137' title='bbox 767 2104 896 2160; x_wconf 91' lang='lat' dir='ltr'>nitedula</span> <span class='ocrx_word' id='word_1_138' title='bbox 908 2104 1010 2162; x_wconf 89' lang='lat' dir='ltr'>rimam</span> 
     </span>
     <span class='ocr_line' id='line_1_20' title="bbox 291 2180 1069 2259; baseline 0.001 -21"><span class='ocrx_word' id='word_1_139' title='bbox 291 2180 433 2256; x_wconf 85' lang='lat' dir='ltr'>Repserat</span> <span class='ocrx_word' id='word_1_140' title='bbox 447 2182 477 2239; x_wconf 92' lang='lat' dir='ltr'>in</span> <span class='ocrx_word' id='word_1_141' title='bbox 491 2201 636 2239; x_wconf 89' lang='lat' dir='ltr'>cumeram</span> <span class='ocrx_word' id='word_1_142' title='bbox 650 2183 803 2252; x_wconf 84' lang='lat' dir='ltr'>frumenti3</span> <span class='ocrx_word' id='word_1_143' title='bbox 824 2193 959 2259; x_wconf 88' lang='lat' dir='ltr'>pastaque</span> <span class='ocrx_word' id='word_1_144' title='bbox 972 2201 1069 2241; x_wconf 88' lang='lat' dir='ltr'>rursus</span> 
     </span>
     <span class='ocr_line' id='line_1_21' title="bbox 292 2259 1241 2337; baseline 0.004 -20"><span class='ocrx_word' id='word_1_145' title='bbox 292 2259 339 2317; x_wconf 92' lang='lat' dir='ltr'>Ire</span> <span class='ocrx_word' id='word_1_146' title='bbox 354 2261 429 2318; x_wconf 89' lang='lat' dir='ltr'>foras</span> <span class='ocrx_word' id='word_1_147' title='bbox 442 2262 526 2336; x_wconf 92' lang='lat' dir='ltr'>pleno</span> <span class='ocrx_word' id='word_1_148' title='bbox 541 2263 676 2319; x_wconf 86' lang='lat' dir='ltr'>tendebat</span> <span class='ocrx_word' id='word_1_149' title='bbox 690 2281 807 2337; x_wconf 87' lang='lat' dir='ltr'>corpore</span> <span class='ocrx_word' id='word_1_150' title='bbox 821 2262 932 2320; x_wconf 75' lang='lat' dir='ltr'>frustra.</span> <span class='ocrx_word' id='word_1_151' title='bbox 1201 2264 1241 2321; x_wconf 81' lang='lat'>30</span> 
     </span>
     <span class='ocr_line' id='line_1_22' title="bbox 292 2340 1132 2418; baseline 0.005 -23"><span class='ocrx_word' id='word_1_152' title='bbox 292 2340 349 2396; x_wconf 89' lang='lat' dir='ltr'>Cui</span> <span class='ocrx_word' id='word_1_153' title='bbox 364 2341 484 2397; x_wconf 85' lang='lat' dir='ltr'>mustela</span> <span class='ocrx_word' id='word_1_154' title='bbox 497 2342 605 2416; x_wconf 89' lang='lat' dir='ltr'>procul,</span> <span class='ocrx_word' id='word_1_155' title='bbox 620 2346 637 2372; x_wconf 89' lang='lat'>“</span> <span class='ocrx_word' id='word_1_156' title='bbox 651 2342 683 2398; x_wconf 84' lang='lat' dir='ltr'>Si</span> <span class='ocrx_word' id='word_1_157' title='bbox 697 2342 766 2414; x_wconf 89' lang='lat' dir='ltr'>vis,&#39;&#39;</span> <span class='ocrx_word' id='word_1_158' title='bbox 782 2342 831 2414; x_wconf 90' lang='lat' dir='ltr'>ait,</span> <span class='ocrx_word' id='word_1_159' title='bbox 846 2342 1002 2418; x_wconf 85' lang='lat' dir='ltr'>“effugere</span> <span class='ocrx_word' id='word_1_160' title='bbox 1016 2340 1132 2415; x_wconf 89' lang='lat' dir='ltr'>isthinc,</span> 
     </span>
     <span class='ocr_line' id='line_1_23' title="bbox 291 2416 1116 2497; baseline 0.005 -21"><span class='ocrx_word' id='word_1_161' title='bbox 291 2416 392 2477; x_wconf 88' lang='lat' dir='ltr'>Macra</span> <span class='ocrx_word' id='word_1_162' title='bbox 405 2439 506 2477; x_wconf 88' lang='lat' dir='ltr'>cavum</span> <span class='ocrx_word' id='word_1_163' title='bbox 519 2432 629 2497; x_wconf 89' lang='lat' dir='ltr'>repetes</span> <span class='ocrx_word' id='word_1_164' title='bbox 642 2431 762 2493; x_wconf 92' lang='lat' dir='ltr'>arctum,</span> <span class='ocrx_word' id='word_1_165' title='bbox 777 2439 862 2497; x_wconf 91' lang='lat' dir='ltr'>quem</span> <span class='ocrx_word' id='word_1_166' title='bbox 876 2440 974 2479; x_wconf 93' lang='lat' dir='ltr'>macra</span> <span class='ocrx_word' id='word_1_167' title='bbox 988 2420 1116 2480; x_wconf 87' lang='lat' dir='ltr'>subisti.”</span> 
     </span>
     <span class='ocr_line' id='line_1_24' title="bbox 291 2498 1045 2576; baseline 0.004 -21"><span class='ocrx_word' id='word_1_168' title='bbox 291 2498 359 2555; x_wconf 72' lang='lat' dir='ltr'>Hac</span> <span class='ocrx_word' id='word_1_169' title='bbox 373 2519 426 2575; x_wconf 90' lang='lat' dir='ltr'>ego</span> <span class='ocrx_word' id='word_1_170' title='bbox 441 2500 464 2557; x_wconf 92' lang='lat' dir='ltr'>si</span> <span class='ocrx_word' id='word_1_171' title='bbox 479 2502 630 2575; x_wconf 90' lang='lat' dir='ltr'>compellor</span> <span class='ocrx_word' id='word_1_172' title='bbox 643 2500 778 2575; x_wconf 85' lang='lat' dir='ltr'>imagine,</span> <span class='ocrx_word' id='word_1_173' title='bbox 793 2510 899 2557; x_wconf 85' lang='lat' dir='ltr'>cuncta</span> <span class='ocrx_word' id='word_1_174' title='bbox 911 2501 1045 2576; x_wconf 87' lang='lat' dir='ltr'>resigno:</span> 
     </span>
     <span class='ocr_line' id='line_1_25' title="bbox 291 2576 1032 2655; baseline 0.004 -22"><span class='ocrx_word' id='word_1_175' title='bbox 291 2576 321 2633; x_wconf 96' lang='lat' dir='ltr'>N</span> <span class='ocrx_word' id='word_1_176' title='bbox 323 2596 357 2634; x_wconf 89' lang='lat' dir='ltr'>ec</span> <span class='ocrx_word' id='word_1_177' title='bbox 371 2598 502 2636; x_wconf 92' lang='lat' dir='ltr'>somnum</span> <span class='ocrx_word' id='word_1_178' title='bbox 516 2579 606 2655; x_wconf 91' lang='lat' dir='ltr'>plebis</span> <span class='ocrx_word' id='word_1_179' title='bbox 620 2579 714 2650; x_wconf 92' lang='lat' dir='ltr'>laudo,</span> <span class='ocrx_word' id='word_1_180' title='bbox 726 2589 803 2636; x_wconf 90' lang='lat' dir='ltr'>satur</span> <span class='ocrx_word' id='word_1_181' title='bbox 817 2579 954 2650; x_wconf 85' lang='lat' dir='ltr'>altilium3</span> <span class='ocrx_word' id='word_1_182' title='bbox 975 2597 1032 2636; x_wconf 90' lang='lat' dir='ltr'>nec</span> 
     </span>
     <span class='ocr_line' id='line_1_26' title="bbox 290 2656 1240 2715; baseline 0.001 -1"><span class='ocrx_word' id='word_1_183' title='bbox 290 2656 360 2714; x_wconf 91' lang='lat' dir='ltr'>Otia</span> <span class='ocrx_word' id='word_1_184' title='bbox 373 2658 477 2715; x_wconf 92' lang='lat' dir='ltr'>divitiis</span> <span class='ocrx_word' id='word_1_185' title='bbox 492 2659 620 2714; x_wconf 83' lang='lat' dir='ltr'>Arabum</span> <span class='ocrx_word' id='word_1_186' title='bbox 634 2658 777 2714; x_wconf 89' lang='lat' dir='ltr'>liberrima</span> <span class='ocrx_word' id='word_1_187' title='bbox 790 2668 877 2715; x_wconf 90' lang='lat' dir='ltr'>muto.</span> <span class='ocrx_word' id='word_1_188' title='bbox 1200 2657 1240 2715; x_wconf 83' lang='lat'>35</span> 
     </span>
     <span class='ocr_line' id='line_1_27' title="bbox 258 2734 1038 2813; baseline -0.001 -20"><span class='ocrx_word' id='word_1_189' title='bbox 258 2771 259 2774; x_wconf 60' lang='lat'><em>=</em></span> <span class='ocrx_word' id='word_1_190' title='bbox 291 2734 375 2813; x_wconf 71' lang='lat' dir='ltr'>Saepe</span> <span class='ocrx_word' id='word_1_191' title='bbox 390 2737 582 2793; x_wconf 89' lang='lat' dir='ltr'>verecundum</span> <span class='ocrx_word' id='word_1_192' title='bbox 596 2736 734 2804; x_wconf 71' lang='lat' dir='ltr'>laudasti;</span> <span class='ocrx_word' id='word_1_193' title='bbox 762 2736 884 2812; x_wconf 86' lang='lat' dir='ltr'>Rexque</span> <span class='ocrx_word' id='word_1_194' title='bbox 898 2736 1038 2812; x_wconf 89' lang='lat' dir='ltr'>Paterque</span> 
     </span>
     <span class='ocr_line' id='line_1_28' title="bbox 291 2812 972 2891; baseline 0 -19"><span class='ocrx_word' id='word_1_195' title='bbox 291 2815 408 2873; x_wconf 84' lang='lat' dir='ltr'>Audisti</span> <span class='ocrx_word' id='word_1_196' title='bbox 423 2813 535 2884; x_wconf 74' lang='lat' dir='ltr'>coram3</span> <span class='ocrx_word' id='word_1_197' title='bbox 557 2835 613 2873; x_wconf 88' lang='lat' dir='ltr'>nec</span> <span class='ocrx_word' id='word_1_198' title='bbox 626 2816 710 2872; x_wconf 90' lang='lat' dir='ltr'>verbo</span> <span class='ocrx_word' id='word_1_199' title='bbox 723 2812 838 2891; x_wconf 77' lang='lat' dir='ltr'>parcius</span> <span class='ocrx_word' id='word_1_200' title='bbox 853 2816 972 2873; x_wconf 87' lang='lat' dir='ltr'>absens:</span> 
     </span>
     <span class='ocr_line' id='line_1_29' title="bbox 291 2893 945 2970; baseline 0.006 -21"><span class='ocrx_word' id='word_1_201' title='bbox 291 2893 406 2969; x_wconf 92' lang='lat' dir='ltr'>Inspice</span> <span class='ocrx_word' id='word_1_202' title='bbox 420 2896 443 2952; x_wconf 93' lang='lat' dir='ltr'>si</span> <span class='ocrx_word' id='word_1_203' title='bbox 457 2914 571 2970; x_wconf 89' lang='lat' dir='ltr'>possum</span> <span class='ocrx_word' id='word_1_204' title='bbox 586 2896 691 2952; x_wconf 92' lang='lat' dir='ltr'>donata</span> <span class='ocrx_word' id='word_1_205' title='bbox 704 2910 841 2970; x_wconf 86' lang='lat' dir='ltr'>reponere</span> <span class='ocrx_word' id='word_1_206' title='bbox 855 2896 945 2954; x_wconf 84' lang='lat' dir='ltr'>laetus.</span> 
     </span>
     <span class='ocr_line' id='line_1_30' title="bbox 290 2972 1081 3049; baseline 0.001 -19"><span class='ocrx_word' id='word_1_207' title='bbox 290 2973 377 3031; x_wconf 89' lang='lat' dir='ltr'>Haud</span> <span class='ocrx_word' id='word_1_208' title='bbox 392 2972 467 3032; x_wconf 71' lang='lat' dir='ltr'>male</span> <span class='ocrx_word' id='word_1_209' title='bbox 482 2973 685 3046; x_wconf 88' lang='lat' dir='ltr'>Telemachus,</span> <span class='ocrx_word' id='word_1_210' title='bbox 699 2975 792 3049; x_wconf 88' lang='lat' dir='ltr'>proles</span> <span class='ocrx_word' id='word_1_211' title='bbox 805 2976 938 3049; x_wconf 90' lang='lat' dir='ltr'>patientis</span> <span class='ocrx_word' id='word_1_212' title='bbox 951 2972 1081 3049; x_wconf 89' lang='lat' dir='ltr'>Ulyssei:</span> 
     </span>
     <span class='ocr_line' id='line_1_31' title="bbox 293 3051 1240 3130; baseline 0.003 -22"><span class='ocrx_word' id='word_1_213' title='bbox 293 3056 310 3082; x_wconf 89' lang='lat'>“</span> <span class='ocrx_word' id='word_1_214' title='bbox 323 3051 391 3111; x_wconf 92' lang='lat' dir='ltr'>Non</span> <span class='ocrx_word' id='word_1_215' title='bbox 404 3068 447 3112; x_wconf 90' lang='lat' dir='ltr'>est</span> <span class='ocrx_word' id='word_1_216' title='bbox 461 3064 542 3128; x_wconf 93' lang='lat' dir='ltr'>aptus</span> <span class='ocrx_word' id='word_1_217' title='bbox 556 3054 636 3129; x_wconf 94' lang='lat' dir='ltr'>equis</span> <span class='ocrx_word' id='word_1_218' title='bbox 649 3053 748 3111; x_wconf 84' lang='lat' dir='ltr'>Ithace</span> <span class='ocrx_word' id='word_1_219' title='bbox 762 3054 842 3110; x_wconf 92' lang='lat' dir='ltr'>locus</span> <span class='ocrx_word' id='word_1_220' title='bbox 850 3075 857 3125; x_wconf 92' lang='lat'>;</span> <span class='ocrx_word' id='word_1_221' title='bbox 880 3065 911 3112; x_wconf 90' lang='lat' dir='ltr'>ut</span> <span class='ocrx_word' id='word_1_222' title='bbox 924 3073 1016 3129; x_wconf 88' lang='lat' dir='ltr'>neque</span> <span class='ocrx_word' id='word_1_223' title='bbox 1029 3052 1123 3130; x_wconf 81' lang='lat' dir='ltr'>planis</span> <span class='ocrx_word' id='word_1_224' title='bbox 1200 3052 1240 3111; x_wconf 78' lang='lat'>40</span> 
     </span>
     <span class='ocr_line' id='line_1_32' title="bbox 290 3131 1058 3209; baseline 0.004 -21"><span class='ocrx_word' id='word_1_225' title='bbox 290 3131 442 3190; x_wconf 89' lang='lat' dir='ltr'>Porrectus</span> <span class='ocrx_word' id='word_1_226' title='bbox 456 3134 562 3209; x_wconf 75' lang='lat' dir='ltr'>spatiiS,</span> <span class='ocrx_word' id='word_1_227' title='bbox 577 3153 670 3208; x_wconf 89' lang='lat' dir='ltr'>neque</span> <span class='ocrx_word' id='word_1_228' title='bbox 684 3134 780 3190; x_wconf 87' lang='lat' dir='ltr'>multae</span> <span class='ocrx_word' id='word_1_229' title='bbox 794 3134 929 3209; x_wconf 90' lang='lat' dir='ltr'>prodigus</span> <span class='ocrx_word' id='word_1_230' title='bbox 943 3133 1058 3192; x_wconf 81' lang='lat' dir='ltr'>herhae:</span> 
     </span>
     <span class='ocr_line' id='line_1_33' title="bbox 289 3210 1002 3288; baseline 0.004 -21"><span class='ocrx_word' id='word_1_231' title='bbox 289 3211 401 3285; x_wconf 87' lang='lat' dir='ltr'>Atride,</span> <span class='ocrx_word' id='word_1_232' title='bbox 416 3210 507 3288; x_wconf 90' lang='lat' dir='ltr'>magis</span> <span class='ocrx_word' id='word_1_233' title='bbox 521 3226 586 3288; x_wconf 90' lang='lat' dir='ltr'>apta</span> <span class='ocrx_word' id='word_1_234' title='bbox 599 3213 650 3270; x_wconf 94' lang='lat' dir='ltr'>tibi</span> <span class='ocrx_word' id='word_1_235' title='bbox 664 3224 714 3270; x_wconf 91' lang='lat' dir='ltr'>tua</span> <span class='ocrx_word' id='word_1_236' title='bbox 727 3214 803 3269; x_wconf 91' lang='lat' dir='ltr'>dona</span> <span class='ocrx_word' id='word_1_237' title='bbox 816 3213 1002 3288; x_wconf 86' lang='lat' dir='ltr'>relinquam.&#39;&#39;</span> 
     </span>
     <span class='ocr_line' id='line_1_34' title="bbox 289 3292 1090 3368; baseline -0.002 -18"><span class='ocrx_word' id='word_1_238' title='bbox 289 3293 412 3351; x_wconf 87' lang='lat' dir='ltr'>Parvum</span> <span class='ocrx_word' id='word_1_239' title='bbox 426 3311 511 3367; x_wconf 93' lang='lat' dir='ltr'>parva</span> <span class='ocrx_word' id='word_1_240' title='bbox 525 3293 647 3349; x_wconf 89' lang='lat' dir='ltr'>decent:</span> <span class='ocrx_word' id='word_1_241' title='bbox 669 3292 739 3349; x_wconf 93' lang='lat' dir='ltr'>mihi</span> <span class='ocrx_word' id='word_1_242' title='bbox 749 3292 809 3367; x_wconf 86' lang='lat' dir='ltr'>jam</span> <span class='ocrx_word' id='word_1_243' title='bbox 823 3311 881 3350; x_wconf 93' lang='lat' dir='ltr'>non</span> <span class='ocrx_word' id='word_1_244' title='bbox 892 3292 970 3368; x_wconf 89' lang='lat' dir='ltr'>regia</span> <span class='ocrx_word' id='word_1_245' title='bbox 984 3292 1090 3364; x_wconf 88' lang='lat' dir='ltr'>Roma,</span> 
     </span>
     <span class='ocr_line' id='line_1_35' title="bbox 289 3370 1080 3446; baseline -0.003 -17"><span class='ocrx_word' id='word_1_246' title='bbox 289 3374 348 3432; x_wconf 87' lang='lat' dir='ltr'>Sed</span> <span class='ocrx_word' id='word_1_247' title='bbox 362 3389 484 3428; x_wconf 86' lang='lat' dir='ltr'>vacuum</span> <span class='ocrx_word' id='word_1_248' title='bbox 498 3370 591 3427; x_wconf 89' lang='lat' dir='ltr'>Tibur</span> <span class='ocrx_word' id='word_1_249' title='bbox 605 3372 706 3446; x_wconf 87' lang='lat' dir='ltr'>placet,</span> <span class='ocrx_word' id='word_1_250' title='bbox 722 3381 771 3427; x_wconf 92' lang='lat' dir='ltr'>aut</span> <span class='ocrx_word' id='word_1_251' title='bbox 784 3370 897 3428; x_wconf 90' lang='lat' dir='ltr'>imbelle</span> <span class='ocrx_word' id='word_1_252' title='bbox 911 3371 1080 3428; x_wconf 90' lang='lat' dir='ltr'>Tarentum.</span> 
     </span>
    </p>

    <p class='ocr_par' dir='ltr' id='par_1_5' title="bbox 288 3447 1240 3841">
     <span class='ocr_line' id='line_1_36' title="bbox 329 3447 1240 3526; baseline -0.005 -16"><span class='ocrx_word' id='word_1_253' title='bbox 329 3454 469 3510; x_wconf 88' lang='lat' dir='ltr'>Strenuus</span> <span class='ocrx_word' id='word_1_254' title='bbox 484 3462 512 3506; x_wconf 93' lang='lat' dir='ltr'>et</span> <span class='ocrx_word' id='word_1_255' title='bbox 526 3449 614 3522; x_wconf 86' lang='lat' dir='ltr'>fortis,</span> <span class='ocrx_word' id='word_1_256' title='bbox 629 3450 779 3523; x_wconf 92' lang='lat' dir='ltr'>causisque</span> <span class='ocrx_word' id='word_1_257' title='bbox 793 3449 941 3526; x_wconf 90' lang='lat' dir='ltr'>Philippus</span> <span class='ocrx_word' id='word_1_258' title='bbox 954 3449 1073 3524; x_wconf 86' lang='lat' dir='ltr'>agendis</span> <span class='ocrx_word' id='word_1_259' title='bbox 1200 3447 1240 3505; x_wconf 80' lang='grc'>45</span> 
     </span>
     <span class='ocr_line' id='line_1_37' title="bbox 289 3528 946 3602; baseline -0.011 -12"><span class='ocrx_word' id='word_1_260' title='bbox 289 3532 402 3602; x_wconf 86' lang='lat' dir='ltr'>Clarus,</span> <span class='ocrx_word' id='word_1_261' title='bbox 417 3530 452 3586; x_wconf 93' lang='lat' dir='ltr'>ab</span> <span class='ocrx_word' id='word_1_262' title='bbox 465 3528 565 3586; x_wconf 88' lang='lat' dir='ltr'>officiis</span> <span class='ocrx_word' id='word_1_263' title='bbox 579 3539 707 3586; x_wconf 89' lang='lat' dir='ltr'>octavam</span> <span class='ocrx_word' id='word_1_264' title='bbox 721 3528 834 3584; x_wconf 90' lang='lat' dir='ltr'>circiter</span> <span class='ocrx_word' id='word_1_265' title='bbox 848 3529 946 3585; x_wconf 92' lang='lat' dir='ltr'>horam</span> 
     </span>
     <span class='ocr_line' id='line_1_38' title="bbox 289 3603 1024 3682; baseline -0.008 -14"><span class='ocrx_word' id='word_1_266' title='bbox 289 3611 367 3668; x_wconf 90' lang='lat' dir='ltr'>Dum</span> <span class='ocrx_word' id='word_1_267' title='bbox 381 3609 463 3678; x_wconf 92' lang='lat' dir='ltr'>redit,</span> <span class='ocrx_word' id='word_1_268' title='bbox 478 3618 560 3682; x_wconf 88' lang='lat' dir='ltr'>atquc</span> <span class='ocrx_word' id='word_1_269' title='bbox 575 3607 634 3664; x_wconf 88' lang='lat' dir='ltr'>foro</span> <span class='ocrx_word' id='word_1_270' title='bbox 648 3603 770 3663; x_wconf 77' lang='lat' dir='ltr'>nimium</span> <span class='ocrx_word' id='word_1_271' title='bbox 784 3606 888 3662; x_wconf 89' lang='lat' dir='ltr'>distare</span> <span class='ocrx_word' id='word_1_272' title='bbox 903 3605 1024 3663; x_wconf 85' lang='lat' dir='ltr'>Carinas</span> 
     </span>
     <span class='ocr_line' id='line_1_39' title="bbox 288 3685 1034 3764; baseline -0.007 -17"><span class='ocrx_word' id='word_1_273' title='bbox 288 3690 306 3747; x_wconf 88' lang='lat' dir='ltr'><strong>J</strong></span> <span class='ocrx_word' id='word_1_274' title='bbox 309 3710 354 3747; x_wconf 93' lang='lat' dir='ltr'>am</span> <span class='ocrx_word' id='word_1_275' title='bbox 368 3688 483 3764; x_wconf 90' lang='lat' dir='ltr'>grandis</span> <span class='ocrx_word' id='word_1_276' title='bbox 496 3697 566 3744; x_wconf 94' lang='lat' dir='ltr'>natu</span> <span class='ocrx_word' id='word_1_277' title='bbox 579 3686 715 3761; x_wconf 89' lang='lat' dir='ltr'>queritur,</span> <span class='ocrx_word' id='word_1_278' title='bbox 729 3685 885 3759; x_wconf 82' lang='lat' dir='ltr'>conspexit,</span> <span class='ocrx_word' id='word_1_279' title='bbox 899 3695 931 3742; x_wconf 89' lang='lat' dir='ltr'>ut</span> <span class='ocrx_word' id='word_1_280' title='bbox 945 3685 1034 3757; x_wconf 89' lang='lat' dir='ltr'>aiunt,</span> 
     </span>
     <span class='ocr_line' id='line_1_40' title="bbox 289 3763 998 3841; baseline -0.01 -14"><span class='ocrx_word' id='word_1_281' title='bbox 289 3771 433 3827; x_wconf 90' lang='lat' dir='ltr'>Adrasum</span> <span class='ocrx_word' id='word_1_282' title='bbox 448 3766 590 3841; x_wconf 86' lang='lat' dir='ltr'>quendam</span> <span class='ocrx_word' id='word_1_283' title='bbox 604 3765 695 3821; x_wconf 72' lang='lat' dir='ltr'>vacua</span> <span class='ocrx_word' id='word_1_284' title='bbox 708 3765 830 3821; x_wconf 88' lang='lat' dir='ltr'>tonsoris</span> <span class='ocrx_word' id='word_1_285' title='bbox 844 3764 873 3820; x_wconf 93' lang='lat' dir='ltr'>in</span> <span class='ocrx_word' id='word_1_286' title='bbox 887 3763 998 3837; x_wconf 74' lang='lat' dir='ltr'>umbrat,</span> 
     </span>
    </p>
   </div>
   <div class='ocr_carea' id='block_1_3' title="bbox 289 3840 1241 4240">
    <p class='ocr_par' dir='ltr' id='par_1_6' title="bbox 289 3840 1241 4000">
     <span class='ocr_line' id='line_1_41' title="bbox 289 3840 1241 3920; baseline -0.005 -15"><span class='ocrx_word' id='word_1_287' title='bbox 289 3847 413 3905; x_wconf 88' lang='lat' dir='ltr'>Cultello</span> <span class='ocrx_word' id='word_1_288' title='bbox 427 3846 553 3920; x_wconf 91' lang='lat' dir='ltr'>proprios</span> <span class='ocrx_word' id='word_1_289' title='bbox 566 3855 735 3920; x_wconf 89' lang='lat' dir='ltr'>purgantem</span> <span class='ocrx_word' id='word_1_290' title='bbox 748 3843 851 3900; x_wconf 89' lang='lat' dir='ltr'>leniter</span> <span class='ocrx_word' id='word_1_291' title='bbox 864 3862 983 3919; x_wconf 91' lang='lat' dir='ltr'>ungues.</span> <span class='ocrx_word' id='word_1_292' title='bbox 1200 3840 1241 3900; x_wconf 79' lang='lat'>50</span> 
     </span>
     <span class='ocr_line' id='line_1_42' title="bbox 290 3921 1028 4000; baseline -0.008 -16"><span class='ocrx_word' id='word_1_293' title='bbox 290 3932 309 3958; x_wconf 89' lang='lat'><strong><em>“</em></strong></span> <span class='ocrx_word' id='word_1_294' title='bbox 322 3925 479 3996; x_wconf 89' lang='lat' dir='ltr'>Demetri,’&#39;</span> <span class='ocrx_word' id='word_1_295' title='bbox 497 3923 581 4000; x_wconf 88' lang='lat' dir='ltr'>(puer</span> <span class='ocrx_word' id='word_1_296' title='bbox 595 3925 642 3980; x_wconf 89' lang='lat' dir='ltr'>hic</span> <span class='ocrx_word' id='word_1_297' title='bbox 656 3943 715 3980; x_wconf 91' lang='lat' dir='ltr'>non</span> <span class='ocrx_word' id='word_1_298' title='bbox 728 3921 799 3979; x_wconf 74' lang='lat' dir='ltr'>laeve</span> <span class='ocrx_word' id='word_1_299' title='bbox 811 3922 891 3997; x_wconf 89' lang='lat' dir='ltr'>jussa</span> <span class='ocrx_word' id='word_1_300' title='bbox 905 3921 1028 3997; x_wconf 91' lang='lat' dir='ltr'>Philippi</span> 
     </span>
    </p>

    <p class='ocr_par' dir='ltr' id='par_1_7' title="bbox 289 3997 1142 4162">
     <span class='ocr_line' id='line_1_43' title="bbox 289 3997 1142 4081; baseline -0.007 -18"><span class='ocrx_word' id='word_1_301' title='bbox 289 4004 485 4081; x_wconf 88' lang='lat' dir='ltr'>Accipiebat,)</span> <span class='ocrx_word' id='word_1_302' title='bbox 502 4007 520 4032; x_wconf 90' lang='lat'><strong>“</strong></span> <span class='ocrx_word' id='word_1_303' title='bbox 534 4003 598 4072; x_wconf 82' lang='lat' dir='ltr'>abi3</span> <span class='ocrx_word' id='word_1_304' title='bbox 620 4021 715 4077; x_wconf 88' lang='lat' dir='ltr'>quaere</span> <span class='ocrx_word' id='word_1_305' title='bbox 730 4014 759 4059; x_wconf 89' lang='lat' dir='ltr'>et</span> <span class='ocrx_word' id='word_1_306' title='bbox 774 4001 857 4074; x_wconf 88' lang='lat' dir='ltr'>refer,</span> <span class='ocrx_word' id='word_1_307' title='bbox 872 4002 948 4057; x_wconf 90' lang='lat' dir='ltr'>unde</span> <span class='ocrx_word' id='word_1_308' title='bbox 962 4001 1057 4073; x_wconf 91' lang='lat' dir='ltr'>domo,</span> <span class='ocrx_word' id='word_1_309' title='bbox 1068 3997 1142 4076; x_wconf 82' lang='lat' dir='ltr'>quis,</span> 
     </span>
     <span class='ocr_line' id='line_1_44' title="bbox 289 4081 1025 4162; baseline -0.008 -20"><span class='ocrx_word' id='word_1_310' title='bbox 289 4086 381 4162; x_wconf 87' lang='lat' dir='ltr'>Cujus</span> <span class='ocrx_word' id='word_1_311' title='bbox 395 4083 531 4150; x_wconf 78' lang='lat' dir='ltr'>lortunae3</span> <span class='ocrx_word' id='word_1_312' title='bbox 553 4101 608 4156; x_wconf 94' lang='lat' dir='ltr'>quo</span> <span class='ocrx_word' id='word_1_313' title='bbox 622 4083 658 4138; x_wconf 91' lang='lat' dir='ltr'>sit</span> <span class='ocrx_word' id='word_1_314' title='bbox 671 4094 761 4156; x_wconf 87' lang='lat' dir='ltr'>patre,</span> <span class='ocrx_word' id='word_1_315' title='bbox 775 4099 865 4155; x_wconf 91' lang='lat' dir='ltr'>quove</span> <span class='ocrx_word' id='word_1_316' title='bbox 880 4081 1025 4156; x_wconf 86' lang='lat' dir='ltr'>patrono.’&#39;</span> 
     </span>
    </p>

    <p class='ocr_par' dir='ltr' id='par_1_8' title="bbox 289 4157 1031 4240">
     <span class='ocr_line' id='line_1_45' title="bbox 289 4157 1031 4240; baseline -0.011 -17"><span class='ocrx_word' id='word_1_317' title='bbox 289 4164 327 4240; x_wconf 92' lang='lat' dir='ltr'>It,</span> <span class='ocrx_word' id='word_1_318' title='bbox 342 4163 425 4236; x_wconf 87' lang='lat' dir='ltr'>redit,</span> <span class='ocrx_word' id='word_1_319' title='bbox 439 4172 468 4219; x_wconf 88' lang='lat' dir='ltr'>et</span> <span class='ocrx_word' id='word_1_320' title='bbox 482 4170 592 4217; x_wconf 89' lang='lat' dir='ltr'>narrat:</span> <span class='ocrx_word' id='word_1_321' title='bbox 613 4161 760 4218; x_wconf 77' lang='lat' dir='ltr'>Volteium</span> <span class='ocrx_word' id='word_1_322' title='bbox 774 4160 891 4217; x_wconf 89' lang='lat' dir='ltr'>nomine</span> <span class='ocrx_word' id='word_1_323' title='bbox 902 4157 1031 4231; x_wconf 88' lang='lat' dir='ltr'>Menam,</span> 
     </span>
    </p>
   </div>
   <div class='ocr_carea' id='block_1_4' title="bbox 0 0 1546 4900">
    <p class='ocr_par' dir='ltr' id='par_1_9' title="bbox 0 0 1546 4900">
     <span class='ocr_line' id='line_1_46' title="bbox 0 0 1546 4900; baseline 0 1"><span class='ocrx_word' id='word_1_324' title='bbox 0 0 1546 4900; x_wconf 95' lang='lat' dir='ltr'> </span> 
     </span>
    </p>
   </div>
  </div>
 </body>
</html>
