3084 4900
550 588 797 638 EPISTOLARUM
815 590 880 638 LIB.
899 589 920 638 1.
936 590 976 638 20.
1200 590 1257 649 169

305 731 385 791 Hinc
399 732 454 790 illae
468 732 609 808 lacrymae.
653 733 757 809 Spissis
771 733 890 809 indigna
903 731 1020 790 theatris

306 813 419 887 Scripta
431 812 520 888 pudet
533 813 662 884 recitare,
677 824 706 870 et
719 812 803 887 nugis
817 814 921 869 addere
936 811 1059 887 pondus,

305 892 338 949 Si
352 891 431 949 dixi:
445 896 464 921 “
473 890 594 962 Rides,”
611 892 659 962 ait,
674 895 733 948 “et
746 890 825 948 Jovis
840 892 957 948 auribus
972 890 1028 949 ista

306 972 423 1027 Servas:
445 969 510 1026 fidis
524 970 601 1026 enim
615 988 730 1027 manare
744 971 859 1045 poetica
872 970 957 1026 mella

289 1049 351 1126 ¹Te
366 1049 467 1120 solu'm,
482 1048 533 1106 tibi
547 1049 693 1124 pulcher.’'
736 1050 784 1105 Ad
799 1050 861 1105 haec
875 1068 929 1124 ego
943 1047 1060 1104 naribus
1074 1046 1117 1104 uti

304 1128 456 1186 Formido:
478 1139 515 1197 et,
529 1128 663 1184 luctantis
677 1138 761 1185 acuto
775 1147 812 1185 ne
826 1147 907 1184 secer
921 1126 1023 1203 ungui,
1102 1193 1104 1198 ,

305 1206 474 1282 “Displicet
487 1207 540 1263 iste
551 1207 660 1278 locuS,''
676 1208 779 1279 clamo,
793 1219 822 1264 et
836 1206 944 1263 diludia
956 1224 1052 1281 posco.

304 1286 404 1344 Ludus
418 1285 495 1342 enim
508 1286 609 1361 genuit
622 1286 763 1361 trepidum
778 1298 924 1342 certamen
938 1295 967 1341 et
979 1284 1061 1357 iram,

304 1364 352 1422 Ira
365 1376 460 1423 truces
473 1364 638 1422 inimicitias
652 1376 681 1422 et
696 1365 815 1422 funebre
830 1365 944 1422 bellum.

615 1677 820 1736 EPISTOLA
840 1678 911 1736 XX.

617 1816 657 1854 AD
677 1817 794 1855 LIBRUM
814 1817 903 1855 SUUM.

304 1919 507 1977 Vaarumnmu
521 1916 694 1991 Janumque,
708 1917 790 1989 liber,
806 1927 934 1991 spectare
948 1916 1052 1975 videris
1060 1937 1068 1987 ;

306 1998 425 2056 Scilicet
440 2008 471 2054 ut
484 2007 593 2073 prostes
608 1996 754 2053 Sosiorum
768 1996 883 2071 pumice
898 1997 1030 2053 mundus.

304 2076 400 2134 Odisti
414 2076 508 2133 claves
522 2087 551 2133 et
564 2087 644 2151 grata
658 2074 751 2151 sigilla
764 2076 886 2150 pudico:

305 2155 410 2214 Paucis
423 2156 534 2212 ostendi
548 2156 649 2231 gemis,
664 2166 693 2211 et
706 2155 872 2212 communia
885 2154 994 2227 laudas,

305 2235 374 2293 Non
389 2234 428 2292 ita
442 2234 573 2291 nutritus.
615 2234 696 2310 Fuge
710 2231 767 2309 qud
783 2234 959 2292 descendere
972 2232 1077 2311 gestis:

305 2314 373 2372 Non
388 2314 442 2371 erit
455 2314 558 2371 emisso
572 2314 681 2371 reditus
695 2314 754 2371 tibi.
797 2314 907 2374 “Quid
921 2314 1006 2372 miser
1020 2313 1087 2391 egil

304 2393 387 2457 Quid
401 2393 475 2451 volui
486 2394 516 2451 l''
533 2393 620 2465 dices,
635 2394 684 2450 ubi
698 2393 764 2468 quid
780 2405 808 2450 te
823 2393 927 2452 laeserit
941 2412 948 2464 ;
985 2403 1016 2452 et
1028 2393 1086 2452 scis

305 2473 340 2530 In
356 2474 439 2530 breve
453 2484 481 2529 te
495 2472 569 2548 cogi,
583 2474 685 2548 plenus
699 2491 786 2547 quum
801 2473 918 2547 languet
931 2485 1047 2531 amator.

303 2551 432 2615 Quodsi
447 2571 504 2608 non
519 2552 585 2608 odio
600 2552 746 2626 peccantis
760 2551 863 2626 desipit
877 2570 977 2627 augur,

305 2633 398 2689 Carus
411 2630 467 2687 eris
481 2631 594 2701 Rornae,
610 2631 701 2686 donec
715 2641 743 2686 te
757 2629 869 2686 deserat
884 2641 959 2687 aetas

306 2711 506 2768 Contrectatus
519 2708 568 2763 ubi
583 2708 715 2764 manibus
728 2709 892 2777 sordescere
905 2707 983 2784 vulgi

305 2789 444 2865 CoeperiS,
459 2799 507 2845 aut
520 2788 612 2844 tineas
626 2806 725 2862 pasces
739 2787 898 2844 taciturnus
912 2789 1028 2861 inertes,

305 2871 368 2926 Aut
382 2868 475 2943 fugies
490 2867 617 2937 Uticam,
633 2878 681 2922 aut
695 2866 808 2923 vinctus
821 2867 940 2924 mitteris
954 2867 1087 2925 Ilerdam.

305 2947 425 3005 Ridebit
438 2946 558 3004 monitor
574 2967 631 3003 non
646 2947 814 3015 exauditus3
837 2959 868 3003 ut
881 2947 928 3004 ille

304 3027 366 3088 Qui
381 3024 456 3083 male
470 3036 616 3100 parentem
632 3026 661 3083 in
676 3046 760 3101 rupes
775 3026 908 3101 protrusit
922 3026 1041 3084 asellum

305 3106 415 3163 Iratus:
436 3106 499 3180 quis
514 3105 591 3162 enim
605 3105 724 3162 invitum
740 3125 851 3162 servare
866 3107 994 3163 laboretl

306 3185 371 3243 Hoc
384 3204 494 3259 quoque
509 3197 535 3243 te
550 3197 657 3256 manet,
672 3196 703 3242 ut
715 3205 819 3261 pueros
832 3186 974 3244 elementa
987 3187 1139 3244 docentem

305 3265 438 3340 Occupet
451 3265 584 3321 extremis
598 3265 628 3321 in
643 3265 712 3321 vicis
727 3265 810 3322 balba
824 3279 966 3322 senectus,

304 3345 406 3405 Quum
420 3344 471 3401 tibi
486 3344 526 3401 sol
541 3345 653 3419 tepidus
667 3345 762 3418 plures
777 3345 932 3402 admoverit
945 3363 1038 3418 aures,

306 3422 356 3480 Me
369 3422 502 3479 libertino
516 3433 614 3479 natum
629 3434 717 3498 patre,
732 3434 761 3480 et
776 3423 804 3479 in
820 3425 900 3480 tenui
913 3443 944 3480 re

305 3501 429 3577 Majores
442 3521 551 3577 pennas
566 3502 634 3558 nido
648 3502 820 3572 extendisse,
834 3502 975 3576 loqueris;

305 3581 353 3653 Ut,
368 3590 504 3656 quantum
518 3579 617 3655 generi
632 3580 739 3651 demaS,
754 3581 904 3637 virtutibus
918 3581 1023 3637 addas:

306 3659 356 3716 Me
370 3660 469 3737 primis
482 3659 568 3716 Urbis
583 3658 650 3715 belli
664 3658 806 3733 placuisse
821 3659 965 3734 domique,

306 3739 438 3814 Corporis
452 3739 558 3814 exigui,
573 3757 746 3814 precanum,
762 3738 868 3794 solibus
882 3749 988 3814 aptum,

306 3818 394 3875 Irasci
409 3818 542 3889 celerem,
557 3830 652 3875 tamen
667 3828 698 3875 ut
711 3818 859 3893 placabilis
874 3836 975 3876 essem.

306 3894 392 3955 Forte
407 3916 504 3954 meum
518 3897 542 3953 si
556 3897 620 3972 quis
634 3909 662 3954 te
676 3897 889 3973 percontabitur
904 3916 1006 3970 aevum,

306 3975 356 4035 Me
371 3986 469 4051 quater
484 3977 613 4033 undenos
627 3977 699 4034 sciat
712 3977 872 4051 implevisse
886 3977 1074 4053 Decembres,

306 4055 455 4133 collegam
469 4055 610 4132 Lepidum
624 4075 680 4131 quo
694 4057 775 4113 duxit
789 4055 897 4114 Lollius
911 4075 996 4117 anno.
