3084 4900
305 622 360 681 122
629 621 661 676 Q.
680 620 827 668 Honuru
845 620 969 668 rnrccr

339 762 489 838 Desipiant
502 782 601 821 omnes
616 761 696 839 aequd
712 784 746 821 ac
760 775 801 835 tu,
816 763 863 838 qni
877 761 928 820 tibi
942 781 1047 821 nomen

339 842 446 900 Insano
459 841 590 918 posuere.
625 842 713 900 Velut
727 844 814 914 silvis,
828 842 877 899 ubi
891 843 995 916 passim

339 920 474 978 Palantes
488 941 564 979 error
579 933 657 979 certo
671 924 707 979 de
721 922 833 979 tramite
847 921 936 995 pellit,

339 999 392 1057 llle
407 1000 609 1073 sinistrorsum,
624 1002 672 1058 hic
687 1002 862 1058 dextrorsum
878 1000 952 1069 abit;
975 1018 1050 1055 unus
1063 997 1175 1075 utrique
1255 1003 1296 1060 50

339 1078 435 1151 Error,
450 1080 501 1137 sed
516 1079 599 1136 variis
614 1079 707 1136 illudit
717 1079 863 1154 partibus:
886 1078 940 1134 hoo
954 1089 983 1135 te

339 1158 433 1215 Crede
447 1159 554 1215 niodo
547 1178 690 1230 insanum,
704 1158 794 1215 nihilo
808 1168 840 1214 ut
851 1157 1004 1231 sapientior
1019 1157 1076 1228 ille,

337 1238 399 1299 Qui
413 1249 441 1295 te
456 1238 574 1312 deridet,
579 1205 701 1295 caudarir
714 1238 815 1294 trahat.
850 1234 904 1292 Est
916 1254 1008 1312 genus
1021 1255 1111 1293 unum

339 1317 480 1388 stulttia,
495 1286 616 1372 nihilum
630 1305 785 1373 inetuenda
797 1314 939 1384 timentis;
960 1326 992 1372 ut
1006 1315 1097 1390 ignes,

337 1396 376 1452 Ut
390 1414 483 1470 rupes,
498 1393 674 1470 fluviosque
667 1415 697 1452 m
712 1414 813 1471 campo
827 1394 937 1452 obstare
951 1405 1101 1483 queratur:
1253 1397 1295 1457 55

336 1476 469 1532 Alterum
484 1485 512 1531 et
526 1474 593 1531 huic
606 1474 725 1547 varium,
740 1485 769 1533 et
784 1473 873 1531 nihilo
887 1473 1053 1549 sapientius,
1067 1473 1150 1549 ignes

338 1553 393 1610 Per
407 1552 519 1611 medios
530 1552 685 1629 fluviosque
700 1554 818 1611 ruentis
853 1552 965 1609 Clamet
979 1552 1072 1609 amica

338 1630 442 1704 Mater,
457 1633 579 1690 honesta
592 1653 679 1705 soror,
693 1652 760 1691 cum
774 1631 913 1708 cognatis,
927 1640 1016 1708 pater,
1031 1649 1120 1688 uxor:

339 1711 422 1769 ‘Hic
435 1678 509 1769 iossa
522 1723 565 1769 est
579 1713 699 1789 ingens!
721 1711 770 1769 hic
784 1731 869 1788 rupes
882 1711 1021 1768 maxima!
1043 1729 1123 1767 serva
1134 1710 1150 1768 l'

336 1790 405 1849 Non
419 1789 510 1866 magis
524 1793 654 1864 audierit,
668 1811 754 1867 quam
768 1790 872 1848 Fusius
886 1791 981 1848 ebrius
994 1790 1072 1862 olim,
1252 1794 1294 1853 60

336 1870 438 1932 Quum
452 1870 574 1929 Ilionam
588 1872 718 1943 edormit,
733 1870 862 1928 Catienis
875 1869 952 1927 mille
966 1867 1108 1940 ducentis,

337 1954 345 1979 ‘
358 1948 461 2022 Mater,
472 1961 500 2008 te
514 1951 641 2027 appello,’
657 1918 855 2008 clamantibus.
890 1949 969 2006 Huic
979 1968 1033 2026 ego
1046 1950 1163 2023 vulgum

337 2027 434 2087 Errori
449 2030 570 2087 similem
584 2040 720 2087 cunctum
736 2029 860 2086 insanire
874 2027 992 2086 docebo.

337 2106 508 2165 Insanitt
462 2128 495 2165 ve
497 2119 570 2165 teres
584 2119 690 2165 statuas
704 2107 895 2184 Damasippus
908 2109 1039 2165 emendo.

338 2184 454 2261 Integer
468 2198 511 2244 est
525 2187 628 2245 mentis
642 2186 808 2261 Damasippi
823 2186 965 2243 creditori
998 2185 1084 2244 Esto:
1170 2178 1174 2185 ¹
1248 2190 1289 2247 65

338 2269 345 2295 ‘
361 2266 472 2355 Accipe
483 2267 557 2339 quod
573 2284 718 2355 nunquam
733 2265 835 2321 reddas
849 2265 937 2336 mihi,'
953 2285 977 2322 sr
969 2265 1043 2323 tibi
1057 2265 1169 2338 dicam3

338 2343 446 2401 Tune
439 2362 556 2402 insanus
570 2345 625 2401 eris
639 2345 663 2401 si
678 2344 832 2420 acceperis,
847 2363 884 2401 an
898 2341 990 2420 magis
1004 2363 1104 2402 excors

337 2421 460 2500 Rejectai
473 2426 569 2501 praedai
583 2444 668 2500 quam
682 2442 807 2502 praesens
820 2423 984 2482 Mercurius
999 2424 1072 2483 serti

337 2505 438 2561 Scribe
452 2505 552 2562 decem
567 2525 583 2562 a
597 2504 705 2562 Nerio:
726 2524 784 2561 non
799 2515 841 2561 est
855 2500 939 2573 satis;
962 2504 1035 2562 adde
1048 2504 1161 2562 Cicutae

337 2581 446 2641 Nodosi
460 2584 569 2642 tabulas
584 2595 650 2642 cent
652 2604 716 2654 um;
739 2584 816 2641 mille
831 2585 903 2642 adde
918 2595 1051 2642 catenas:
1250 2585 1290 2643 70

337 2661 463 2739 Effugiet
476 2674 572 2721 tamen
587 2665 649 2721 haec
663 2630 783 2722 scelerat
772 2675 817 2721 tus
831 2664 944 2720 vincula
959 2664 1085 2722 Proteus.

336 2742 437 2803 Quum
452 2744 543 2820 rapies
558 2744 587 2801 in
599 2744 648 2834 jus
659 2744 742 2801 malis
756 2745 850 2801 rident
839 2754 895 2800 tem
911 2743 1020 2814 alienis,

337 2820 402 2878 Fiet
417 2841 492 2897 aper,
507 2820 592 2880 modd
607 2824 674 2894 aviS,
689 2820 774 2879 modd
789 2841 928 2892 saxum,e
930 2833 1048 2896 t,quum
1061 2821 1142 2890 volet,
1156 2819 1247 2879 arbor.
1314 2869 1316 2871 ,

338 2900 369 2957 Si
383 2898 458 2957 male
474 2921 532 2958 rem
548 2920 646 2997 gerere
661 2901 753 2958 insani
768 2912 826 2968 est;
849 2898 949 2956 contri
964 2902 1048 2972 bene,
1062 2900 1142 2957 sani:

302 2985 306 2991 '
337 2978 392 3034 Put
393 2979 467 3035 idius
481 2972 570 3037 multd
586 2981 734 3037 cerebrum
749 2990 801 3049 est,
816 2944 886 3034 inihi
900 2979 995 3049 crede,
1010 2977 1118 3049 Perilli,
1249 2981 1289 3036 75

336 3055 478 3114 Dictantis
491 3059 565 3132 quod
580 3070 611 3114 tu
625 3076 770 3132 nunquam
784 3056 939 3113 rescribere
950 3057 1048 3131 possis.

335 3136 455 3206 Audire,
470 3148 552 3211 atque
566 3147 662 3212 togam
673 3136 760 3211 jubeo
775 3153 955 3208 componere,
969 3135 1096 3210 quisquis

335 3214 589 3272 Ambitione‘malai
604 3214 776 3289 autargenti
789 3213 877 3288 pallet
890 3233 996 3286 amore,

332 3293 472 3367 Quisquis
486 3293 607 3363 luxurii,
621 3292 728 3350 tristive
743 3292 951 3368 superstitione,

334 3373 395 3428 Aut
409 3372 463 3429 alio
477 3372 580 3428 mentis
594 3372 692 3429 morbo
706 3372 794 3441 calet3
817 3373 873 3428 huc
887 3370 1003 3449 propiirs
1016 3393 1073 3446 me,
1247 3373 1288 3432 8⁰

333 3449 409 3507 Dum
425 3449 536 3508 doceo
529 3450 653 3508 insanire
664 3470 774 3524 omnes,
786 3471 834 3509 vos
848 3452 947 3509 ordine
963 3452 1046 3509 adite.

333 3527 436 3585 Danda
450 3540 493 3586 est
507 3529 622 3586 ellebori
637 3527 727 3587 multd
741 3550 806 3609 pars
821 3531 944 3587 maxima
958 3530 1065 3587 avaris:

331 3606 438 3664 Nescio
453 3627 488 3664 an
502 3609 668 3683 Anticyram
683 3611 754 3668 ratio
767 3610 822 3667 illis
836 3610 959 3667 destinet
970 3626 1093 3665 ornnem

332 3685 471 3743 Haeredes
486 3686 598 3744 Staberi
613 3708 753 3746 summam
768 3687 896 3745 incidire
911 3687 1056 3763 sepulcro:

331 3763 407 3821 Ni
385 3784 428 3821 src
442 3765 576 3823 fecissent
579 3767 789 3856 ,gladiatorum
803 3767 869 3822 dare
884 3775 1000 3822 centum
1244 3765 1286 3824 85

330 3841 466 3901 Damnati
479 3845 584 3922 populo
597 3846 684 3921 paria,
700 3856 784 3934 atque
797 3843 911 3919 epulum
927 3843 1042 3900 arbitrio
1055 3843 1133 3917 Arri,

331 3919 480 3980 Frumenti
491 3934 628 3998 quantum
640 3934 698 3980 met
687 3924 720 3979 tit
734 3922 842 3978 Africa.
880 3921 946 3978 Sive
961 3940 1015 3998 ego
1027 3919 1125 3996 prave,

331 3999 390 4057 Seu
403 3999 491 4073 recte,
507 4004 561 4060 hoc
575 4001 659 4071 volui,
674 4020 710 4057 ne
725 4001 763 4056 sis
776 4009 893 4075 patruus
907 4000 994 4057 mihi?
1037 4001 1132 4059 Credo

332 4078 397 4137 Hoc
411 4079 523 4137 Staberi
536 4079 704 4155 prudentem
720 4079 847 4136 animum
861 4079 1016 4136 vidisse...
1019 4081 1035 4106 ”
1051 4080 1161 4142 “Quid
1175 4100 1244 4157 ergo

331 4157 437 4228 Sensit,
451 4177 537 4233 quum
552 4175 692 4215 srrmmam
706 4156 859 4234 patrimoni
874 4159 1034 4234 insculpere
1048 4177 1117 4217 saxo
1242 4162 1283 4220 90
