3084 4900
308 622 363 683 174
624 623 655 679 Q·
673 620 827 676 HORATII,
837 619 970 669 FLACCI.

344 763 514 823 Manserunt
527 766 666 841 hodieque
681 774 799 822 manent
808 762 926 839 vestigia
937 762 1017 821 ruris.
1240 767 1299 825 loo

344 846 432 902 Serus
445 846 522 902 enim
537 846 646 902 Graecis
660 844 783 902 admovit
797 842 929 900 acumina
942 841 1048 899 chartis
1056 861 1064 911 ;

342 923 390 996 Et,
404 936 467 999 post
481 925 592 982 Punica
605 924 678 981 bella
690 924 811 998 quietus,
826 941 951 997 quaerere
965 921 1051 997 coepit

341 1003 423 1064 Quid
439 1004 595 1079 Sophocles
609 1015 637 1061 et
647 1002 772 1077 Thespis
786 1012 815 1059 et
826 1000 981 1075 AEschylus
995 1000 1064 1058 utile
1079 1000 1192 1059 ferrent.

343 1081 477 1139 Tentavit
490 1101 600 1157 quoque
614 1102 674 1138 rem
688 1082 712 1138 si
726 1078 813 1154 digne
828 1091 936 1136 vertere
949 1089 1044 1154 posset
1052 1098 1060 1150 3

342 1160 381 1218 Et
393 1162 500 1237 placuit
514 1162 576 1233 sibi,
590 1160 691 1217 naturri
706 1158 834 1216 sublimis
848 1168 877 1215 et
891 1177 971 1214 acer:
1236 1161 1294 1219 165

342 1239 420 1296 Nam
434 1242 519 1316 spirat
532 1241 671 1315 tragicum
687 1235 764 1310 satis,
776 1249 805 1295 et
818 1237 938 1294 feliciter
950 1238 1052 1307 audet;

342 1320 401 1375 Sed
415 1329 524 1394 turpem
538 1329 618 1394 putat
631 1314 733 1374 inscite
747 1317 902 1390 metuitque
916 1316 1038 1372 lituram.

381 1396 525 1468 Creditur,
540 1417 575 1454 ex
588 1397 683 1453 medio
696 1397 762 1470 quia
777 1415 822 1452 res
836 1395 962 1466 arcessit,
974 1394 1080 1453 habere

343 1476 460 1533 Sudoris
471 1476 630 1545 minimum,
645 1476 695 1532 sed
710 1476 796 1531 habet
810 1474 959 1531 Comoedia
973 1471 1052 1531 tantd

341 1554 409 1612 Plus
423 1556 527 1626 oneris,
541 1552 646 1628 quanto
661 1556 751 1611 veniae
765 1554 869 1610 minus.
912 1553 1019 1628 Aspice
1033 1552 1152 1611 Plautus
1233 1554 1293 1613 170

340 1633 410 1693 Quo
423 1645 506 1709 pacto
518 1645 612 1708 partes
626 1644 731 1691 tutetur
745 1633 866 1689 amantis
880 1632 992 1707 ephebi,

340 1712 380 1769 Ut
392 1714 479 1788 patris
494 1714 603 1783 attenti,
617 1713 728 1769 lenonis
742 1723 774 1769 ut
788 1711 933 1768 insidiosi:

339 1791 475 1851 Quantus
489 1792 524 1849 sit
537 1791 704 1849 Dossennus
717 1791 854 1849 edacibus
868 1791 897 1846 in
911 1789 1058 1865 parasitis3

340 1868 439 1930 Quem
454 1891 512 1928 non
527 1872 641 1928 astricto
654 1881 800 1946 percurrat
813 1870 921 1945 pulpita
935 1888 1027 1926 socco.

340 1950 433 2007 Gestit
446 1951 523 2007 enim
537 1969 685 2007 nummum
701 1950 730 2006 in
744 1950 853 2007 loculos
865 1948 1025 2021 demittere,
1038 1957 1101 2023 post
1114 1949 1170 2007 hoc
1231 1950 1292 2007 175

341 2029 467 2086 Securus
480 2029 563 2085 cadat
578 2048 614 2085 an
629 2039 705 2085 recto
717 2040 771 2085 stet
786 2027 880 2084 fabula
893 2027 958 2085 talo.

378 2108 476 2169 Quem
490 2108 554 2165 tulit
568 2108 603 2163 ad
614 2126 730 2163 scenam
744 2118 860 2163 ventoso
873 2106 971 2163 Gloria
984 2124 1081 2178 curru,

265 2197 268 2202 ⁴
341 2184 493 2242 Exanimat
507 2186 600 2242 lentus
614 2196 764 2259 spectator,
780 2184 895 2241 sedulus
909 2184 997 2240 inflat.

340 2264 390 2319 Sic
403 2263 475 2336 leve,
487 2265 528 2320 sic
542 2282 657 2339 parvum
671 2275 724 2333 est,
739 2264 866 2319 animum
880 2264 955 2337 quod
969 2262 1062 2320 laudis
1073 2282 1189 2321 avarum

341 2342 458 2399 Subruit
472 2361 505 2399 ac
519 2343 617 2399 reficit.
659 2342 760 2398 Valeat
774 2362 819 2398 res
833 2341 953 2413 ludicra,
968 2343 992 2398 si
1006 2360 1052 2398 me
1232 2343 1291 2402 180

340 2421 438 2479 Palma
451 2433 555 2498 negata
568 2441 705 2495 macrum,
720 2421 825 2479 donata
838 2420 949 2479 reducit
961 2420 1096 2498 opimum.

380 2499 463 2577 Saepd
478 2503 562 2559 etiam
578 2503 715 2558 audacem
731 2502 809 2577 sugat
823 2502 888 2573 hoc,
903 2511 1043 2576 terretque
1057 2505 1181 2576 poetam,

338 2580 428 2642 Quod
443 2601 562 2638 numero
574 2581 678 2656 plureS,
693 2583 794 2639 virtute
808 2591 837 2638 et
850 2582 958 2638 honore
971 2582 1104 2652 minores

339 2658 453 2717 Indocti
467 2661 626 2735 stolidique,
641 2673 669 2718 et
683 2661 848 2736 depugnare
861 2661 951 2736 parati

340 2739 372 2795 Si
386 2740 528 2797 discordet
541 2759 637 2814 equeS,
652 2741 747 2797 media
761 2741 834 2797 inter
848 2741 977 2797 carmina
989 2748 1111 2816 poscunt
1231 2738 1290 2797 185

339 2819 401 2876 Aut
414 2838 522 2891 ursum,
537 2831 585 2876 aut
598 2821 725 2895 pugiles:
746 2820 791 2876 his
806 2837 872 2875 nam
883 2819 1031 2893 plebecula
1044 2818 1158 2893 gaudet.

338 2895 448 2955 Verhm
462 2899 549 2973 equiti
562 2917 672 2972 quoque
683 2899 742 2972 jam
756 2898 887 2972 migravit
900 2898 937 2953 ab
950 2916 1018 2954 aure
1032 2897 1159 2972 voluptas

338 2974 442 3032 Omnis
456 2977 492 3032 ad
506 2976 629 3033 incertos
643 2977 741 3033 oculos
754 2988 783 3032 et
796 2975 902 3050 gaudia
915 2995 995 3031 vana.

338 3054 470 3114 Quatuor
484 3066 533 3111 aut
546 3055 640 3129 plures
654 3055 743 3111 aulaea
756 3065 922 3129 premuntur
937 3054 966 3110 in
981 3054 1073 3124 horas,
1277 3115 1286 3125 ,

338 3132 416 3188 Dum
430 3133 541 3207 fugiunt
556 3133 681 3207 equitum
696 3145 796 3190 turmae
807 3132 990 3208 peditumque
1004 3143 1141 3202 catervae3
1230 3133 1289 3192 190

338 3209 408 3268 Mox
422 3211 540 3267 trahitur
555 3211 685 3266 manibus
699 3230 799 3287 regum
814 3211 926 3267 fortuna
939 3211 1067 3282 retortis;

338 3288 448 3346 Esseda
462 3289 603 3360 festinant,
617 3290 733 3364 pilenta,
746 3289 890 3364 petorrita,
906 3307 1008 3359 naves;

278 3408 280 3412 .
338 3368 487 3443 Captivum
501 3378 626 3443 portatur
640 3370 720 3442 ebur,
735 3369 846 3444 captiva
860 3368 1023 3426 Corinthus.

338 3448 370 3503 Si
384 3447 455 3504 foret
469 3448 498 3504 in
513 3448 604 3519 terriS,
618 3448 723 3505 rideret
736 3446 928 3519 Democritus,
944 3467 994 3504 seu

337 3526 487 3584 Diversum
501 3527 620 3584 consusa
633 3546 724 3602 genus
737 3528 876 3604 panthera
890 3527 1010 3599 camelo,
1230 3527 1289 3585 195

337 3606 404 3662 Sive
417 3606 531 3681 elephas
546 3606 625 3665 albus
639 3608 714 3682 vulgi
729 3617 905 3664 converteret
918 3625 983 3662 ora:

338 3685 485 3759 Spectaret
498 3686 632 3760 populum
646 3685 721 3743 ludis
735 3683 870 3744 attentids
884 3685 962 3759 ipsis,

336 3762 375 3821 Ut
388 3764 442 3821 sibi
455 3765 628 3839 praebentem
642 3766 729 3823 mimo
742 3764 906 3840 spectacula
918 3763 1007 3838 plura.

338 3842 494 3918 Scriptores
509 3854 603 3900 autem
617 3862 731 3900 narrare
744 3853 856 3918 putaret
869 3841 956 3898 asello

337 3920 483 3978 Fabellam
497 3923 598 3979 surdo:
620 3941 686 3978 nam
700 3941 762 3995 quae
777 3922 942 3996 pervincere
957 3939 1040 3978 voces
1225 3918 1288 3979 200

336 3998 477 4057 Evaluere
492 4020 592 4058 sonum
607 4001 733 4057 referunt
746 4019 831 4074 quem
845 4011 941 4057 nostra
955 3999 1088 4057 theatra?

336 4078 502 4153 Garganum
517 4080 625 4154 mugire
639 4091 721 4155 putes
734 4097 846 4150 nemus,
861 4089 911 4136 aut
924 4098 1002 4136 mare
1017 4078 1166 4136 Tuscum:

337 4155 434 4216 Tanto
447 4176 513 4215 cum
528 4157 645 4235 strepitu
658 4158 718 4215 ludi
733 4169 895 4235 spectantur
909 4169 938 4216 et
949 4168 1024 4217 artes
