3084 4900
367 888 1019 984 Q.HORAT11FLACCI

533 1138 856 1206 CARMINUM

555 1383 660 1432 LIBER
675 1383 836 1434 TERTIUS.

593 1792 678 1850 ODE
698 1792 722 1850 I.

355 1913 418 1972 Onr
430 1909 581 1989 profanum
595 1910 705 1987 vulgus,
719 1920 748 1968 et
762 1930 855 1971 arceo.

357 1993 465 2051 Favete
479 1991 599 2067 linguis:
621 1990 748 2048 carmina
761 2010 820 2050 non
833 1988 913 2069 priris

395 2071 505 2129 Audita
518 2070 666 2128 Musarum
681 2071 814 2130 sacerdos

433 2150 600 2227 Virginibus
614 2150 764 2226 puerisque
777 2161 871 2209 canto.

354 2229 470 2307 Regum
484 2231 675 2287 timendorum
689 2230 719 2286 in
732 2230 860 2306 proprios
874 2250 985 2309 greges,

354 2310 453 2386 Reges
467 2309 496 2367 in
511 2309 585 2384 ipsos
600 2309 750 2384 imperium
764 2320 808 2367 est
821 2309 911 2385 Jovis,

394 2389 472 2446 Clari
485 2388 628 2465 Giganteo
641 2389 794 2465 triumpho,

432 2469 547 2526 Cuncta
560 2468 711 2544 supercilio
724 2470 873 2527 moventis.

353 2547 407 2606 Est
419 2558 452 2606 ut
464 2547 523 2625 viro
536 2547 577 2603 vir
591 2544 676 2604 latiirs
689 2546 803 2603 ordinet

354 2626 481 2685 Arbusta
494 2625 598 2693 sulcis;
618 2624 667 2680 hic
681 2625 844 2699 generosior

395 2704 561 2761 Descendat
574 2701 604 2760 in
618 2703 760 2778 Campum
774 2703 893 2779 petitor3
943 2767 947 2783 Ι

433 2781 564 2866 Moribus
577 2783 625 2840 hic
639 2782 794 2857 meliorque
809 2783 886 2840 famia

354 2862 519 2921 Contendat
526 2881 534 2932 ;
556 2862 596 2919 illi
609 2862 692 2919 turba
705 2862 853 2920 clientium

355 2943 400 3000 sit
412 2940 517 3017 major:
539 2941 621 3017 aequd
635 2941 697 3017 lege
711 2940 879 3001 Necessitas

394 3021 518 3079 Sortitur
531 3021 659 3096 insignes
673 3029 702 3077 et
716 3021 803 3092 imos;

432 3098 530 3157 Omne
544 3118 634 3175 capax
647 3110 741 3174 moret
754 3119 826 3157 urna
840 3120 954 3162 nomen.

354 3178 507 3236 Districtus
521 3179 598 3236 ensis
612 3179 659 3235 cui
673 3197 758 3254 super
772 3179 860 3256 impie

354 3257 474 3315 Cervice
487 3259 602 3334 pendet,
616 3276 675 3315 non
690 3258 797 3314 Siculae
811 3259 899 3336 dapes

393 3335 517 3393 Dulcem
530 3337 716 3394 elaborabunt
730 3357 877 3412 saporem3

432 3414 502 3474 Non
517 3416 611 3472 avium
625 3415 797 3490 citharaeque
811 3428 913 3474 cantus

354 3495 494 3553 Somnum
508 3494 654 3549 reducent.
690 3494 815 3550 Somnus
829 3494 984 3569 agrestium

353 3573 442 3633 Lenis
455 3572 578 3628 virorum
593 3589 650 3627 non
664 3571 787 3627 humiles
800 3572 900 3630 domos

393 3650 525 3723 Fastidit,
540 3649 736 3706 umbrosamve
750 3650 850 3726 ripam,

432 3730 501 3789 Non
515 3729 657 3805 Zephyris
671 3730 776 3807 agitata
788 3730 917 3810 Tempe:

354 3808 573 3868 Desiderantem
586 3810 661 3886 quod
675 3807 744 3868 satis
757 3821 810 3886 est,
824 3831 918 3889 neque

354 3887 576 3946 Tumultuosum
590 3889 721 3948 sollicitat
734 3910 823 3964 mare,

393 3965 459 4027 Nec
472 3987 563 4026 saevus
577 3969 694 4027 Arcturi
708 3971 838 4028 cadentis

434 4046 571 4123 Impetus,
585 4058 633 4104 aut
646 4049 762 4106 orientis
777 4049 881 4106 Hoedi:

652 4129 671 4185 4
