3084 4900
234 619 237 626 .
323 589 381 647 180
645 587 676 643 Q.
694 585 842 634 floarrrr
859 585 984 633 resecr
1058 598 1060 602 ·

360 726 458 787 Tantd
472 729 553 806 plura
567 730 658 806 cupis,
672 729 782 788 nulline
797 728 909 786 faterier
923 728 1032 786 audesl

360 810 393 866 Si
407 810 509 865 vulnus
522 809 573 866 tibi
587 809 744 866 monstrata
758 809 855 865 radice
870 808 912 864 vel
927 807 1016 864 herba

360 886 429 945 Non
443 887 523 945 fieret
536 887 634 960 levius,
649 888 770 963 fugeres,
786 887 882 944 radice
896 886 940 943 vel
955 885 1044 942 herbd
1260 892 1317 950 150

360 965 532 1024 Proficiente
546 967 627 1039 nihil,
643 966 788 1023 curarierl
830 965 983 1037 AudieraS,
997 964 1045 1022 cui

360 1044 437 1102 Rem
453 1044 482 1102 di
497 1046 644 1116 donarent,
659 1046 699 1101 illi
713 1045 853 1102 decedere
866 1063 981 1119 pravam

362 1125 535 1194 Stultitiam3
556 1135 594 1195 et,
608 1144 695 1199 quum
709 1124 748 1180 sis
762 1122 851 1179 nihilo
865 1122 1017 1197 sapientior
1030 1140 1066 1180 ex
1079 1142 1135 1199 quo

361 1202 475 1261 Plenior
488 1223 529 1275 es,
544 1214 639 1260 tamen
654 1203 741 1259 uteris
755 1202 941 1258 monitoribus
955 1200 1068 1259 isdeml

361 1282 402 1338 At
415 1284 439 1339 si
453 1282 557 1339 divitiae
570 1283 740 1356 prudentem
753 1281 873 1337 reddere
886 1291 1013 1356 possent,
1257 1285 1316 1342 155

362 1361 393 1417 Si
407 1361 544 1436 cupidum
558 1361 744 1435 timidumque
758 1360 855 1416 minus
870 1370 915 1428 te;
937 1378 1041 1436 nempe
1054 1360 1181 1434 ruberes,

360 1439 477 1496 Viveret
490 1440 520 1496 in
534 1439 615 1495 terris
628 1449 656 1495 te
670 1439 693 1495 si
707 1439 770 1514 quis
785 1437 892 1495 avarior
906 1457 972 1495 uno.

401 1521 419 1548 “
432 1519 463 1574 Si
476 1518 620 1593 proprium
634 1519 765 1593 estquod
780 1517 842 1592 quis
856 1517 928 1573 libra
941 1529 1084 1575 mercatus
1094 1528 1123 1575 et
1136 1537 1191 1577 aere
1204 1530 1261 1593 est,

359 1595 514 1668 Quaedam,
528 1597 552 1653 si
566 1598 659 1653 credis
674 1596 821 1668 consultis,
835 1597 979 1671 mancipat
992 1616 1074 1667 usus;

360 1674 422 1735 Qui
436 1686 464 1732 te
477 1676 569 1752 pascit
583 1695 659 1751 ager,
674 1687 740 1733 tuus
753 1686 812 1745 est3
834 1687 863 1732 et
877 1676 988 1732 villicus
1002 1675 1085 1749 Orbi,
1256 1678 1316 1737 160

359 1754 461 1815 Quum
475 1767 586 1831 segetes
600 1766 692 1827 occat,
707 1755 758 1812 tibi
772 1774 838 1812 mox
852 1754 994 1812 frumenta
1007 1756 1132 1827 daturas,

361 1832 408 1890 Te
423 1834 569 1891 dominum
584 1835 677 1892 sentit.
720 1835 780 1891 Das
794 1853 942 1903 nummos;
964 1833 1071 1909 accipis
1085 1853 1179 1908 uvam,

361 1911 468 1985 Pullos,
480 1933 543 1986 ova,
557 1916 660 1971 cadum
675 1915 772 1971 temeti
786 1933 792 1969 :
814 1933 917 1987 nempe
931 1913 1016 1969 modo
1029 1914 1083 1972 isto

361 1990 500 2049 Paulatim
516 1994 650 2050 mercaris
664 1995 774 2068 agrum,
786 1993 902 2049 fortasse
916 1992 1061 2065 trecentiS,

361 2071 423 2127 Aut
435 2070 521 2128 etiam
535 2070 630 2148 supra,
645 2090 825 2129 nummorum
840 2071 963 2127 millibus
977 2084 1113 2146 emptum.
1256 2074 1315 2131 165

360 2149 442 2210 Quid
456 2151 550 2222 refert,
564 2152 640 2207 vivas
654 2162 918 2225 numeratomuper,
933 2170 970 2205 an
984 2150 1075 2207 oliml

361 2227 479 2303 Emptor
493 2229 606 2286 Aricini
619 2230 762 2303 quondam
777 2228 907 2284 Veientis
921 2241 949 2284 et
963 2229 1021 2285 arvi

360 2305 495 2383 Emptum
510 2319 605 2364 coenat
617 2309 692 2381 olus,
704 2307 832 2382 quamvis
846 2307 925 2363 aliter
939 2316 1019 2382 putat
1027 2327 1034 2376 ;
1056 2308 1159 2385 emptis

361 2386 423 2442 Sub
437 2396 549 2444 noctem
563 2387 685 2463 gelidam
700 2387 785 2463 lignis
799 2386 947 2443 calefactat
960 2390 1082 2444 aenum:

361 2467 419 2523 Sed
434 2479 616 2542 vocatusque
631 2487 724 2539 suum,
738 2467 795 2542 qud
808 2467 930 2542 populus
944 2468 1035 2524 adsita
1049 2467 1134 2525 certis
1171 2490 1174 2495 ·
1255 2470 1314 2527 170

360 2545 512 2603 Limitibus
527 2548 620 2605 vicina
634 2547 737 2622 refugit
748 2548 858 2622 jurgia;
881 2557 1014 2621 tanquam

361 2626 406 2682 Sit
418 2627 561 2702 proprium
576 2627 739 2702 quidquam,
753 2639 861 2702 puncto
874 2628 950 2700 quod
963 2626 1075 2684 mobilis
1088 2626 1174 2697 horae,

360 2704 449 2762 Nunc
462 2726 557 2781 prece,
572 2726 650 2763 nunc
664 2708 762 2782 pretio,
778 2726 856 2763 nunc
871 2706 906 2776 vi,
921 2725 999 2762 nunc
1012 2717 1086 2763 sorte
1101 2704 1244 2780 supremi,

359 2784 506 2843 Permutet
520 2786 649 2843 dominos
662 2800 691 2843 et
705 2788 789 2843 cedat
802 2787 831 2842 in
844 2786 931 2842 altera
941 2785 1013 2860 jura.

361 2864 420 2936 Sic,
434 2866 500 2940 quia
510 2877 663 2941 perpetuus
677 2861 747 2923 nulli
762 2867 844 2922 datur
859 2884 935 2935 usuS,
950 2878 979 2920 et
992 2866 1083 2921 haeres
1255 2865 1312 2922 175

360 2942 514 3000 Haeredem
528 2945 654 3015 alteriue,
668 2945 744 3001 velut
758 2945 835 2999 unda
849 2943 1011 3018 supervenit
1024 2944 1141 3013 undam,

359 3021 441 3082 Quid
456 3024 509 3079 vici
523 3036 650 3099 prosunt,
666 3035 714 3081 aut
728 3024 850 3080 horreat
870 3023 973 3095 quidve
988 3021 1119 3078 Calabris

361 3101 485 3157 Saltibus
499 3103 603 3177 adjecti
617 3102 738 3172 Lucani,
753 3102 776 3157 si
790 3101 871 3157 metit
884 3101 979 3157 Orcus

358 3179 487 3237 Grandia
500 3199 566 3236 cum
580 3181 682 3255 parvis,
697 3200 754 3237 non
769 3180 920 3236 exorabilis
931 3179 1020 3235 aurel

399 3262 417 3289 “
432 3259 578 3329 Gemmas
593 3278 724 3331 marmor,
738 3259 818 3329 ebur,
833 3259 985 3332 Tyrrhena
999 3257 1101 3334 sigilla,
1115 3258 1242 3330 tabellae,

358 3337 530 3413 Argentum,
545 3348 636 3394 vestes
649 3338 762 3395 Gaetulo
776 3339 885 3395 murice
899 3339 1013 3409 tinctae,
1253 3338 1309 3396 181

360 3417 434 3474 Sunt
447 3417 495 3492 qui
509 3437 565 3474 non
581 3417 720 3487 habeant3
742 3419 846 3492 estqui
861 3438 918 3475 non
933 3429 1014 3474 curat
1028 3417 1141 3473 habere.

359 3497 419 3553 Cur
433 3498 502 3554 alter
516 3498 631 3554 fratrum
646 3516 757 3555 cessare
772 3509 802 3555 et
815 3498 912 3554 ludere
927 3509 956 3554 et
969 3497 1039 3571 ungi

358 3574 493 3634 Praeserat
507 3576 631 3634 Herodis
645 3577 775 3652 palmetis
789 3578 942 3653 pinguibus
954 3597 960 3644 ;
983 3577 1063 3645 alter,
1127 3571 1130 3575 ’

358 3653 445 3712 Dives
458 3667 487 3712 et
501 3656 686 3731 importunus,
701 3658 736 3714 ad
752 3659 881 3714 umbram
895 3657 967 3713 lucis
981 3655 1016 3710 ab
1029 3664 1093 3710 ortu
1253 3654 1311 3711 185

359 3734 530 3810 Sylvestrem
545 3735 665 3792 flammis
679 3747 708 3792 et
723 3737 796 3793 ferro
810 3737 920 3811 mitiget
933 3752 1048 3809 agrum;

359 3814 421 3871 Scit
434 3815 554 3887 Genius,
569 3816 662 3871 natale
677 3835 774 3872 comes
787 3815 834 3889 qui
848 3823 987 3888 temperat
1001 3822 1119 3883 astrum,

357 3891 476 3949 Naturae
490 3894 561 3950 deus
575 3895 716 3964 humanae,
731 3894 856 3951 mortalis
871 3893 901 3948 in
916 3910 1017 3947 unum·

358 3972 489 4047 quodque
503 3982 598 4048 caput,
614 3972 693 4028 vultu
707 3972 861 4042 mutabilis,
876 3971 957 4026 albus
972 3980 1001 4026 et
1015 3980 1083 4026 ater.

398 4053 417 4082 “
429 4049 509 4124 Utar,
523 4061 552 4108 et
566 4071 601 4109 ex
615 4051 738 4123 modice,
752 4047 892 4125 quantirm
906 4069 951 4105 res
965 4059 1071 4124 poscet,
1087 4066 1188 4106 acervo
1253 4048 1311 4106 190

359 4127 492 4200 Tollam3
514 4149 570 4188 nec
584 4141 710 4187 metuam
725 4130 792 4204 quid
808 4131 844 4186 de
858 4148 904 4186 me
916 4129 1026 4204 judicet
1040 4129 1141 4199 haeres,
