<?xml version="1.0" encoding="UTF-8"?>
<!DOCTYPE html PUBLIC "-//W3C//DTD XHTML 1.0 Transitional//EN"
    "http://www.w3.org/TR/xhtml1/DTD/xhtml1-transitional.dtd">
<html xmlns="http://www.w3.org/1999/xhtml" xml:lang="en" lang="en">
 <head>
  <title>
</title>
<meta http-equiv="Content-Type" content="text/html;charset=utf-8" />
  <meta name='ocr-system' content='tesseract 3.04.00' />
  <meta name='ocr-capabilities' content='ocr_page ocr_carea ocr_par ocr_line ocrx_word'/>
</head>
<body>
  <div class='ocr_page' id='page_1' title='image "./quintihoratiifl00horagoog_0145.png"; bbox 0 0 3084 4900; ppageno 0'>
   <div class='ocr_carea' id='block_1_1' title="bbox 241 580 967 674">
    <p class='ocr_par' dir='ltr' id='par_1_1' title="bbox 241 580 967 674">
     <span class='ocr_line' id='line_1_1' title="bbox 241 580 967 674; baseline -0.008 -5"><span class='ocrx_word' id='word_1_1' title='bbox 241 580 245 586; x_wconf 18' lang='grc' dir='ltr'>ἱ</span> <span class='ocrx_word' id='word_1_2' title='bbox 301 617 357 674; x_wconf 72' lang='grc'><strong>126</strong></span> <span class='ocrx_word' id='word_1_3' title='bbox 630 615 660 671; x_wconf 80' lang='lat' dir='ltr'><strong>Q.</strong></span> <span class='ocrx_word' id='word_1_4' title='bbox 678 614 825 663; x_wconf 89' lang='lat' dir='ltr'><strong>HORATll</strong></span> <span class='ocrx_word' id='word_1_5' title='bbox 842 614 967 665; x_wconf 75' lang='lat' dir='ltr'><strong>FLAccr</strong></span> 
     </span>
    </p>
   </div>
   <div class='ocr_carea' id='block_1_2' title="bbox 295 757 1294 4239">
    <p class='ocr_par' dir='ltr' id='par_1_2' title="bbox 295 757 1294 4239">
     <span class='ocr_line' id='line_1_2' title="bbox 340 757 1152 839; baseline 0.006 -25"><span class='ocrx_word' id='word_1_6' title='bbox 340 758 471 816; x_wconf 81' lang='lat' dir='ltr'><strong>Destinet</strong></span> <span class='ocrx_word' id='word_1_7' title='bbox 484 776 618 827; x_wconf 78' lang='lat' dir='ltr'><strong>uxorem3</strong></span> <span class='ocrx_word' id='word_1_8' title='bbox 640 757 792 816; x_wconf 88' lang='lat' dir='ltr'><strong>interdicto</strong></span> <span class='ocrx_word' id='word_1_9' title='bbox 804 758 873 815; x_wconf 91' lang='lat' dir='ltr'><strong>huic</strong></span> <span class='ocrx_word' id='word_1_10' title='bbox 886 777 972 817; x_wconf 89' lang='lat' dir='ltr'><strong>omne</strong></span> <span class='ocrx_word' id='word_1_11' title='bbox 985 758 1093 818; x_wconf 81' lang='lat' dir='ltr'><strong>adimet</strong></span> <span class='ocrx_word' id='word_1_12' title='bbox 1103 760 1152 839; x_wconf 84' lang='lat' dir='ltr'><strong>jus</strong></span> 
     </span>
     <span class='ocr_line' id='line_1_3' title="bbox 339 837 1040 915; baseline 0.003 -21"><span class='ocrx_word' id='word_1_13' title='bbox 339 837 456 910; x_wconf 86' lang='lat' dir='ltr'><strong>Praetor,</strong></span> <span class='ocrx_word' id='word_1_14' title='bbox 470 847 499 895; x_wconf 89' lang='lat' dir='ltr'><strong>et</strong></span> <span class='ocrx_word' id='word_1_15' title='bbox 513 838 549 893; x_wconf 88' lang='lat' dir='ltr'><strong>ad</strong></span> <span class='ocrx_word' id='word_1_16' title='bbox 563 856 647 895; x_wconf 90' lang='lat' dir='ltr'><strong>sanos</strong></span> <span class='ocrx_word' id='word_1_17' title='bbox 661 837 744 896; x_wconf 90' lang='lat' dir='ltr'><strong>abeat</strong></span> <span class='ocrx_word' id='word_1_18' title='bbox 757 839 846 895; x_wconf 91' lang='lat' dir='ltr'><strong>tutela</strong></span> <span class='ocrx_word' id='word_1_19' title='bbox 858 838 1040 915; x_wconf 83' lang='lat' dir='ltr'><strong>propinquos.</strong></span> 
     </span>
     <span class='ocr_line' id='line_1_4' title="bbox 338 916 1076 994; baseline -0.003 -17"><span class='ocrx_word' id='word_1_20' title='bbox 338 916 436 977; x_wconf 78' lang='lat' dir='ltr'><strong>Quid!</strong></span> <span class='ocrx_word' id='word_1_21' title='bbox 458 916 481 973; x_wconf 91' lang='lat' dir='ltr'><strong>si</strong></span> <span class='ocrx_word' id='word_1_22' title='bbox 493 918 555 991; x_wconf 91' lang='lat' dir='ltr'><strong>quis</strong></span> <span class='ocrx_word' id='word_1_23' title='bbox 568 927 683 992; x_wconf 85' lang='lat' dir='ltr'><strong>gnatam</strong></span> <span class='ocrx_word' id='word_1_24' title='bbox 697 937 748 993; x_wconf 89' lang='lat' dir='ltr'><strong>pro</strong></span> <span class='ocrx_word' id='word_1_25' title='bbox 762 917 842 973; x_wconf 73' lang='lat' dir='ltr'><strong>mutii</strong></span> <span class='ocrx_word' id='word_1_26' title='bbox 857 918 976 975; x_wconf 81' lang='lat' dir='ltr'>devovet</span> <span class='ocrx_word' id='word_1_27' title='bbox 989 918 1076 994; x_wconf 72' lang='lat' dir='ltr'><strong>agnei,</strong></span> 
     </span>
     <span class='ocr_line' id='line_1_5' title="bbox 339 995 1294 1074; baseline 0.006 -21"><span class='ocrx_word' id='word_1_28' title='bbox 339 996 456 1071; x_wconf 83' lang='lat' dir='ltr'><strong>Integer</strong></span> <span class='ocrx_word' id='word_1_29' title='bbox 470 1007 513 1053; x_wconf 93' lang='lat' dir='ltr'><strong>est</strong></span> <span class='ocrx_word' id='word_1_30' title='bbox 527 996 636 1052; x_wconf 84' lang='lat' dir='ltr'><strong>animil</strong></span> <span class='ocrx_word' id='word_1_31' title='bbox 670 995 718 1053; x_wconf 93' lang='lat' dir='ltr'><strong>Ne</strong></span> <span class='ocrx_word' id='word_1_32' title='bbox 732 996 846 1052; x_wconf 83' lang='lat' dir='ltr'><strong>dixeris.</strong></span> <span class='ocrx_word' id='word_1_33' title='bbox 881 995 968 1072; x_wconf 84' lang='lat' dir='ltr'><strong>Ergo,</strong></span> <span class='ocrx_word' id='word_1_34' title='bbox 983 998 1032 1054; x_wconf 92' lang='lat' dir='ltr'><strong>ubi</strong></span> <span class='ocrx_word' id='word_1_35' title='bbox 1045 1017 1133 1074; x_wconf 84' lang='lat' dir='ltr'><strong>prava</strong></span> <span class='ocrx_word' id='word_1_36' title='bbox 1230 1002 1294 1059; x_wconf 72' lang='lat'><strong>220</strong></span> 
     </span>
     <span class='ocr_line' id='line_1_6' title="bbox 340 1073 1109 1151; baseline 0.003 -20"><span class='ocrx_word' id='word_1_37' title='bbox 340 1076 474 1147; x_wconf 83' lang='lat' dir='ltr'><strong>Stultitia,</strong></span> <span class='ocrx_word' id='word_1_38' title='bbox 490 1073 538 1132; x_wconf 90' lang='lat' dir='ltr'><strong>hic</strong></span> <span class='ocrx_word' id='word_1_39' title='bbox 552 1084 596 1131; x_wconf 91' lang='lat' dir='ltr'><strong>est</strong></span> <span class='ocrx_word' id='word_1_40' title='bbox 609 1094 719 1131; x_wconf 88' lang='lat' dir='ltr'><strong>summa</strong></span> <span class='ocrx_word' id='word_1_41' title='bbox 733 1074 861 1132; x_wconf 89' lang='lat' dir='ltr'><strong>insania:</strong></span> <span class='ocrx_word' id='word_1_42' title='bbox 882 1076 930 1149; x_wconf 91' lang='lat' dir='ltr'><strong>qui</strong></span> <span class='ocrx_word' id='word_1_43' title='bbox 944 1075 1109 1151; x_wconf 86' lang='lat' dir='ltr'><strong>sceleratus,</strong></span> 
     </span>
     <span class='ocr_line' id='line_1_7' title="bbox 338 1153 993 1229; baseline -0.002 -17"><span class='ocrx_word' id='word_1_44' title='bbox 338 1154 377 1212; x_wconf 87' lang='lat' dir='ltr'><strong>Et</strong></span> <span class='ocrx_word' id='word_1_45' title='bbox 391 1155 512 1212; x_wconf 88' lang='lat' dir='ltr'><strong>furiosus</strong></span> <span class='ocrx_word' id='word_1_46' title='bbox 524 1154 596 1211; x_wconf 90' lang='lat' dir='ltr'><strong>erit:</strong></span> <span class='ocrx_word' id='word_1_47' title='bbox 617 1172 701 1228; x_wconf 91' lang='lat' dir='ltr'><strong>quem</strong></span> <span class='ocrx_word' id='word_1_48' title='bbox 716 1153 793 1229; x_wconf 91' lang='lat' dir='ltr'><strong>cepit</strong></span> <span class='ocrx_word' id='word_1_49' title='bbox 807 1153 895 1210; x_wconf 88' lang='lat' dir='ltr'><strong>vitrea</strong></span> <span class='ocrx_word' id='word_1_50' title='bbox 906 1154 993 1228; x_wconf 87' lang='lat' dir='ltr'><strong>fama,</strong></span> 
     </span>
     <span class='ocr_line' id='line_1_8' title="bbox 339 1231 1068 1308; baseline 0.001 -17"><span class='ocrx_word' id='word_1_51' title='bbox 339 1234 428 1291; x_wconf 91' lang='lat' dir='ltr'><strong>Hunc</strong></span> <span class='ocrx_word' id='word_1_52' title='bbox 443 1233 645 1290; x_wconf 79' lang='lat' dir='ltr'><strong>circumtonuit</strong></span> <span class='ocrx_word' id='word_1_53' title='bbox 658 1234 788 1308; x_wconf 85' lang='lat' dir='ltr'><strong>gaudens</strong></span> <span class='ocrx_word' id='word_1_54' title='bbox 801 1231 921 1290; x_wconf 88' lang='lat' dir='ltr'><strong>Bellona</strong></span> <span class='ocrx_word' id='word_1_55' title='bbox 933 1234 1068 1292; x_wconf 87' lang='lat' dir='ltr'><strong>cruentis.</strong></span> 
     </span>
     <span class='ocr_line' id='line_1_9' title="bbox 338 1309 1170 1390; baseline 0.004 -19"><span class='ocrx_word' id='word_1_56' title='bbox 338 1312 427 1371; x_wconf 88' lang='lat' dir='ltr'><strong>Nunc</strong></span> <span class='ocrx_word' id='word_1_57' title='bbox 441 1332 503 1388; x_wconf 86' lang='lat' dir='ltr'><strong>age,</strong></span> <span class='ocrx_word' id='word_1_58' title='bbox 518 1311 657 1369; x_wconf 84' lang='lat' dir='ltr'><strong>luxuriam</strong></span> <span class='ocrx_word' id='word_1_59' title='bbox 671 1322 700 1368; x_wconf 92' lang='lat' dir='ltr'><strong>et</strong></span> <span class='ocrx_word' id='word_1_60' title='bbox 713 1309 929 1369; x_wconf 89' lang='lat' dir='ltr'><strong>Nomentanum</strong></span> <span class='ocrx_word' id='word_1_61' title='bbox 943 1314 1033 1390; x_wconf 85' lang='lat' dir='ltr'><strong>arripe</strong></span> <span class='ocrx_word' id='word_1_62' title='bbox 1047 1333 1170 1374; x_wconf 84' lang='lat' dir='ltr'><strong>mecum.</strong></span> 
     </span>
     <span class='ocr_line' id='line_1_10' title="bbox 338 1389 1292 1467; baseline 0.005 -19"><span class='ocrx_word' id='word_1_63' title='bbox 338 1391 444 1449; x_wconf 84' lang='lat' dir='ltr'><strong>Vincet</strong></span> <span class='ocrx_word' id='word_1_64' title='bbox 455 1392 531 1447; x_wconf 91' lang='lat' dir='ltr'><strong>enim</strong></span> <span class='ocrx_word' id='word_1_65' title='bbox 546 1390 645 1448; x_wconf 89' lang='lat' dir='ltr'><strong>stultos</strong></span> <span class='ocrx_word' id='word_1_66' title='bbox 658 1390 729 1448; x_wconf 90' lang='lat' dir='ltr'><strong>ratio</strong></span> <span class='ocrx_word' id='word_1_67' title='bbox 737 1389 863 1447; x_wconf 81' lang='lat' dir='ltr'><strong>insanire</strong></span> <span class='ocrx_word' id='word_1_68' title='bbox 877 1402 1002 1467; x_wconf 86' lang='lat' dir='ltr'><strong>nepotes.</strong></span> <span class='ocrx_word' id='word_1_69' title='bbox 1230 1395 1292 1453; x_wconf 77' lang='lat'><strong>225</strong></span> 
     </span>
     <span class='ocr_line' id='line_1_11' title="bbox 338 1468 1008 1545; baseline 0.003 -18"><span class='ocrx_word' id='word_1_70' title='bbox 338 1471 397 1527; x_wconf 93' lang='lat' dir='ltr'><strong>Hic</strong></span> <span class='ocrx_word' id='word_1_71' title='bbox 412 1470 494 1526; x_wconf 91' lang='lat' dir='ltr'><strong>simul</strong></span> <span class='ocrx_word' id='word_1_72' title='bbox 510 1468 620 1545; x_wconf 86' lang='lat' dir='ltr'><strong>accepit</strong></span> <span class='ocrx_word' id='word_1_73' title='bbox 633 1468 786 1544; x_wconf 83' lang='lat' dir='ltr'><strong>patrimoni</strong></span> <span class='ocrx_word' id='word_1_74' title='bbox 799 1470 877 1527; x_wconf 88' lang='lat' dir='ltr'><strong>mille</strong></span> <span class='ocrx_word' id='word_1_75' title='bbox 890 1471 1008 1544; x_wconf 85' lang='lat' dir='ltr'><strong>talenta,</strong></span> 
     </span>
     <span class='ocr_line' id='line_1_12' title="bbox 339 1546 938 1625; baseline 0 -19"><span class='ocrx_word' id='word_1_76' title='bbox 339 1549 444 1625; x_wconf 87' lang='lat' dir='ltr'><strong>Edicit,</strong></span> <span class='ocrx_word' id='word_1_77' title='bbox 450 1550 572 1625; x_wconf 85' lang='lat' dir='ltr'><strong>piscator</strong></span> <span class='ocrx_word' id='word_1_78' title='bbox 587 1546 638 1621; x_wconf 88' lang='lat' dir='ltr'><strong>uti,</strong></span> <span class='ocrx_word' id='word_1_79' title='bbox 652 1549 807 1624; x_wconf 89' lang='lat' dir='ltr'><strong>pomarius,</strong></span> <span class='ocrx_word' id='word_1_80' title='bbox 822 1567 938 1625; x_wconf 87' lang='lat' dir='ltr'><strong>auceps,</strong></span> 
     </span>
     <span class='ocr_line' id='line_1_13' title="bbox 338 1627 991 1704; baseline 0.003 -19"><span class='ocrx_word' id='word_1_81' title='bbox 338 1628 560 1704; x_wconf 83' lang='lat' dir='ltr'><strong>Unguentarius,</strong></span> <span class='ocrx_word' id='word_1_82' title='bbox 575 1646 609 1683; x_wconf 89' lang='lat' dir='ltr'><strong>ac</strong></span> <span class='ocrx_word' id='word_1_83' title='bbox 623 1627 714 1687; x_wconf 90' lang='lat' dir='ltr'><strong>Tusci</strong></span> <span class='ocrx_word' id='word_1_84' title='bbox 728 1628 811 1686; x_wconf 86' lang='lat' dir='ltr'><strong>turba</strong></span> <span class='ocrx_word' id='word_1_85' title='bbox 824 1629 912 1704; x_wconf 92' lang='lat' dir='ltr'><strong>impia</strong></span> <span class='ocrx_word' id='word_1_86' title='bbox 925 1629 991 1701; x_wconf 85' lang='lat' dir='ltr'><strong>vici,</strong></span> 
     </span>
     <span class='ocr_line' id='line_1_14' title="bbox 339 1707 1141 1783; baseline 0.005 -19"><span class='ocrx_word' id='word_1_87' title='bbox 339 1709 414 1765; x_wconf 89' lang='lat' dir='ltr'><strong>Cum</strong></span> <span class='ocrx_word' id='word_1_88' title='bbox 429 1707 534 1764; x_wconf 90' lang='lat' dir='ltr'><strong>scurris</strong></span> <span class='ocrx_word' id='word_1_89' title='bbox 548 1707 641 1779; x_wconf 89' lang='lat' dir='ltr'><strong>fartor,</strong></span> <span class='ocrx_word' id='word_1_90' title='bbox 657 1725 724 1764; x_wconf 90' lang='lat' dir='ltr'><strong>cum</strong></span> <span class='ocrx_word' id='word_1_91' title='bbox 738 1707 864 1765; x_wconf 86' lang='lat' dir='ltr'><strong>Velabro</strong></span> <span class='ocrx_word' id='word_1_92' title='bbox 876 1728 962 1766; x_wconf 89' lang='lat' dir='ltr'><strong>omne</strong></span> <span class='ocrx_word' id='word_1_93' title='bbox 976 1709 1141 1783; x_wconf 85' lang='lat' dir='ltr'><strong>macellum,</strong></span> 
     </span>
     <span class='ocr_line' id='line_1_15' title="bbox 338 1786 1290 1866; baseline 0.004 -22"><span class='ocrx_word' id='word_1_94' title='bbox 338 1786 427 1844; x_wconf 74' lang='lat' dir='ltr'><strong>Mane</strong></span> <span class='ocrx_word' id='word_1_95' title='bbox 440 1788 557 1844; x_wconf 89' lang='lat' dir='ltr'><strong>domum</strong></span> <span class='ocrx_word' id='word_1_96' title='bbox 568 1787 691 1843; x_wconf 88' lang='lat' dir='ltr'><strong>veniant.</strong></span> <span class='ocrx_word' id='word_1_97' title='bbox 721 1786 805 1848; x_wconf 81' lang='lat' dir='ltr'><strong>Quid</strong></span> <span class='ocrx_word' id='word_1_98' title='bbox 815 1788 898 1845; x_wconf 84' lang='lat' dir='ltr'><strong>tuml</strong></span> <span class='ocrx_word' id='word_1_99' title='bbox 918 1786 1034 1845; x_wconf 70' lang='lat' dir='ltr'><strong>Venere</strong></span> <span class='ocrx_word' id='word_1_100' title='bbox 1046 1788 1214 1866; x_wconf 87' lang='lat' dir='ltr'><strong>frequentes.</strong></span> <span class='ocrx_word' id='word_1_101' title='bbox 1228 1790 1290 1848; x_wconf 75' lang='lat'><strong>230</strong></span> 
     </span>
     <span class='ocr_line' id='line_1_16' title="bbox 338 1865 1222 1943; baseline 0 -18"><span class='ocrx_word' id='word_1_102' title='bbox 338 1868 434 1925; x_wconf 86' lang='lat' dir='ltr'><strong>Verba</strong></span> <span class='ocrx_word' id='word_1_103' title='bbox 448 1866 517 1924; x_wconf 87' lang='lat' dir='ltr'><strong>iacit</strong></span> <span class='ocrx_word' id='word_1_104' title='bbox 526 1866 609 1924; x_wconf 86' lang='lat' dir='ltr'><strong>leno:</strong></span> <span class='ocrx_word' id='word_1_105' title='bbox 644 1865 815 1941; x_wconf 77' lang='lat' dir='ltr'><strong>‘Quidquid</strong></span> <span class='ocrx_word' id='word_1_106' title='bbox 831 1867 911 1939; x_wconf 90' lang='lat' dir='ltr'><strong>mihi,</strong></span> <span class='ocrx_word' id='word_1_107' title='bbox 925 1867 1064 1943; x_wconf 90' lang='lat' dir='ltr'><strong>quidquid</strong></span> <span class='ocrx_word' id='word_1_108' title='bbox 1078 1881 1107 1927; x_wconf 90' lang='lat' dir='ltr'><strong>et</strong></span> <span class='ocrx_word' id='word_1_109' title='bbox 1120 1870 1222 1927; x_wconf 89' lang='lat' dir='ltr'><strong>horum</strong></span> 
     </span>
     <span class='ocr_line' id='line_1_17' title="bbox 338 1944 1287 2025; baseline 0.002 -22"><span class='ocrx_word' id='word_1_110' title='bbox 338 1947 450 2022; x_wconf 87' lang='lat' dir='ltr'><strong>Cuique</strong></span> <span class='ocrx_word' id='word_1_111' title='bbox 459 1946 535 2004; x_wconf 93' lang='lat' dir='ltr'><strong>domi</strong></span> <span class='ocrx_word' id='word_1_112' title='bbox 549 1956 601 2017; x_wconf 90' lang='lat' dir='ltr'><strong>est,</strong></span> <span class='ocrx_word' id='word_1_113' title='bbox 614 1944 643 2002; x_wconf 92' lang='lat' dir='ltr'><strong>id</strong></span> <span class='ocrx_word' id='word_1_114' title='bbox 654 1946 739 2002; x_wconf 89' lang='lat' dir='ltr'><strong>crede</strong></span> <span class='ocrx_word' id='word_1_115' title='bbox 753 1957 852 2017; x_wconf 88' lang='lat' dir='ltr'><strong>tuum;</strong></span> <span class='ocrx_word' id='word_1_116' title='bbox 873 1957 902 2003; x_wconf 92' lang='lat' dir='ltr'><strong>et</strong></span> <span class='ocrx_word' id='word_1_117' title='bbox 915 1947 959 2003; x_wconf 84' lang='lat' dir='ltr'><strong>vel</strong></span> <span class='ocrx_word' id='word_1_118' title='bbox 973 1966 1052 2004; x_wconf 90' lang='lat' dir='ltr'><strong>nunc</strong></span> <span class='ocrx_word' id='word_1_119' title='bbox 1062 1959 1137 2025; x_wconf 86' lang='lat' dir='ltr'><strong>pete,</strong></span> <span class='ocrx_word' id='word_1_120' title='bbox 1148 1948 1192 2006; x_wconf 88' lang='lat' dir='ltr'><strong>vel</strong></span> <span class='ocrx_word' id='word_1_121' title='bbox 1205 1949 1287 2005; x_wconf 78' lang='lat' dir='ltr'><strong>cras.¹</strong></span> 
     </span>
     <span class='ocr_line' id='line_1_18' title="bbox 338 2022 1093 2101; baseline 0.003 -19"><span class='ocrx_word' id='word_1_122' title='bbox 338 2026 452 2101; x_wconf 90' lang='lat' dir='ltr'><strong>Accipe</strong></span> <span class='ocrx_word' id='word_1_123' title='bbox 465 2026 533 2100; x_wconf 91' lang='lat' dir='ltr'><strong>quid</strong></span> <span class='ocrx_word' id='word_1_124' title='bbox 547 2022 647 2082; x_wconf 70' lang='lat' dir='ltr'><strong>contri</strong></span> <span class='ocrx_word' id='word_1_125' title='bbox 658 2024 772 2100; x_wconf 88' lang='lat' dir='ltr'><strong>juvenis</strong></span> <span class='ocrx_word' id='word_1_126' title='bbox 786 2025 962 2101; x_wconf 89' lang='lat' dir='ltr'><strong>responderit</strong></span> <span class='ocrx_word' id='word_1_127' title='bbox 976 2044 1073 2101; x_wconf 86' lang='lat' dir='ltr'><strong>aequus</strong></span> <span class='ocrx_word' id='word_1_128' title='bbox 1082 2047 1093 2084; x_wconf 90' lang='lat'><strong>:-</strong></span> 
     </span>
     <span class='ocr_line' id='line_1_19' title="bbox 339 2104 1042 2181; baseline 0.003 -20"><span class='ocrx_word' id='word_1_129' title='bbox 339 2104 394 2161; x_wconf 87' lang='lat' dir='ltr'><strong>‘In</strong></span> <span class='ocrx_word' id='word_1_130' title='bbox 409 2105 474 2161; x_wconf 91' lang='lat' dir='ltr'><strong>nive</strong></span> <span class='ocrx_word' id='word_1_131' title='bbox 489 2104 608 2161; x_wconf 72' lang='lat' dir='ltr'><strong>Lucani</strong></span> <span class='ocrx_word' id='word_1_132' title='bbox 623 2104 729 2160; x_wconf 86' lang='lat' dir='ltr'><strong>dormis</strong></span> <span class='ocrx_word' id='word_1_133' title='bbox 744 2114 885 2176; x_wconf 89' lang='lat' dir='ltr'><strong>ocreatus,</strong></span> <span class='ocrx_word' id='word_1_134' title='bbox 897 2115 929 2161; x_wconf 91' lang='lat' dir='ltr'><strong>ut</strong></span> <span class='ocrx_word' id='word_1_135' title='bbox 943 2124 1042 2181; x_wconf 91' lang='lat' dir='ltr'><strong>aprum</strong></span> 
     </span>
     <span class='ocr_line' id='line_1_20' title="bbox 338 2182 1288 2258; baseline 0.006 -19"><span class='ocrx_word' id='word_1_136' title='bbox 338 2183 459 2240; x_wconf 89' lang='lat' dir='ltr'><strong>Coenem</strong></span> <span class='ocrx_word' id='word_1_137' title='bbox 473 2202 542 2258; x_wconf 86' lang='lat' dir='ltr'><strong>eg0;</strong></span> <span class='ocrx_word' id='word_1_138' title='bbox 564 2194 595 2240; x_wconf 91' lang='lat' dir='ltr'><strong>tu</strong></span> <span class='ocrx_word' id='word_1_139' title='bbox 608 2182 701 2258; x_wconf 87' lang='lat' dir='ltr'><strong>pisces</strong></span> <span class='ocrx_word' id='word_1_140' title='bbox 715 2183 835 2240; x_wconf 90' lang='lat' dir='ltr'><strong>hiberno</strong></span> <span class='ocrx_word' id='word_1_141' title='bbox 849 2202 885 2240; x_wconf 86' lang='lat' dir='ltr'><strong>ex</strong></span> <span class='ocrx_word' id='word_1_142' title='bbox 899 2203 1010 2258; x_wconf 86' lang='lat' dir='ltr'><strong>aequore</strong></span> <span class='ocrx_word' id='word_1_143' title='bbox 1024 2184 1124 2244; x_wconf 80' lang='lat' dir='ltr'><strong>vellis:</strong></span> <span class='ocrx_word' id='word_1_144' title='bbox 1227 2186 1288 2245; x_wconf 76' lang='lat'><strong>235</strong></span> 
     </span>
     <span class='ocr_line' id='line_1_21' title="bbox 338 2260 1178 2338; baseline 0.005 -19"><span class='ocrx_word' id='word_1_145' title='bbox 338 2262 441 2337; x_wconf 84' lang='lat' dir='ltr'><strong>Segnis</strong></span> <span class='ocrx_word' id='word_1_146' title='bbox 455 2281 519 2338; x_wconf 86' lang='lat' dir='ltr'><strong>ege,</strong></span> <span class='ocrx_word' id='word_1_147' title='bbox 531 2261 667 2336; x_wconf 86' lang='lat' dir='ltr'><strong>indiguus</strong></span> <span class='ocrx_word' id='word_1_148' title='bbox 680 2262 728 2337; x_wconf 93' lang='lat' dir='ltr'><strong>qui</strong></span> <span class='ocrx_word' id='word_1_149' title='bbox 742 2260 854 2320; x_wconf 81' lang='lat' dir='ltr'><strong>tantiun</strong></span> <span class='ocrx_word' id='word_1_150' title='bbox 866 2263 1035 2338; x_wconf 90' lang='lat' dir='ltr'><strong>possideam.</strong></span> <span class='ocrx_word' id='word_1_151' title='bbox 1070 2263 1178 2323; x_wconf 86' lang='lat' dir='ltr'><strong>Aufer:</strong></span> 
     </span>
     <span class='ocr_line' id='line_1_22' title="bbox 338 2341 1092 2419; baseline 0.005 -22"><span class='ocrx_word' id='word_1_152' title='bbox 338 2344 426 2398; x_wconf 84' lang='lat' dir='ltr'><strong>Sume</strong></span> <span class='ocrx_word' id='word_1_153' title='bbox 440 2342 491 2398; x_wconf 92' lang='lat' dir='ltr'><strong>tibi</strong></span> <span class='ocrx_word' id='word_1_154' title='bbox 506 2342 617 2410; x_wconf 89' lang='lat' dir='ltr'><strong>decies;</strong></span> <span class='ocrx_word' id='word_1_155' title='bbox 638 2341 690 2399; x_wconf 92' lang='lat' dir='ltr'><strong>tibi</strong></span> <span class='ocrx_word' id='word_1_156' title='bbox 701 2342 887 2411; x_wconf 83' lang='lat' dir='ltr'><strong>tantundem3</strong></span> <span class='ocrx_word' id='word_1_157' title='bbox 909 2342 960 2399; x_wconf 92' lang='lat' dir='ltr'><strong>tibi</strong></span> <span class='ocrx_word' id='word_1_158' title='bbox 973 2343 1092 2419; x_wconf 67' lang='lat' dir='ltr'><strong>triplex!</strong></span> 
     </span>
     <span class='ocr_line' id='line_1_23' title="bbox 336 2419 992 2498; baseline 0 -20"><span class='ocrx_word' id='word_1_159' title='bbox 336 2420 427 2479; x_wconf 90' lang='lat' dir='ltr'><strong>Filius</strong></span> <span class='ocrx_word' id='word_1_160' title='bbox 441 2420 541 2498; x_wconf 85' lang='lat' dir='ltr'><strong>AEsopi</strong></span> <span class='ocrx_word' id='word_1_161' title='bbox 555 2422 711 2479; x_wconf 89' lang='lat' dir='ltr'><strong>detractam</strong></span> <span class='ocrx_word' id='word_1_162' title='bbox 725 2440 761 2479; x_wconf 85' lang='lat' dir='ltr'><strong>ex</strong></span> <span class='ocrx_word' id='word_1_163' title='bbox 775 2440 843 2479; x_wconf 91' lang='lat' dir='ltr'><strong>aure</strong></span> <span class='ocrx_word' id='word_1_164' title='bbox 857 2419 992 2495; x_wconf 85' lang='lat' dir='ltr'><strong>Metellae,</strong></span> 
     </span>
     <span class='ocr_line' id='line_1_24' title="bbox 338 2501 1027 2574; baseline 0.003 -16"><span class='ocrx_word' id='word_1_165' title='bbox 338 2501 455 2558; x_wconf 88' lang='lat' dir='ltr'><strong>Scilicet</strong></span> <span class='ocrx_word' id='word_1_166' title='bbox 468 2512 500 2559; x_wconf 95' lang='lat' dir='ltr'><strong>ut</strong></span> <span class='ocrx_word' id='word_1_167' title='bbox 513 2502 609 2559; x_wconf 92' lang='lat' dir='ltr'><strong>decies</strong></span> <span class='ocrx_word' id='word_1_168' title='bbox 623 2501 745 2559; x_wconf 87' lang='lat' dir='ltr'><strong>solidum</strong></span> <span class='ocrx_word' id='word_1_169' title='bbox 759 2501 931 2574; x_wconf 84' lang='lat' dir='ltr'><strong>exsorberet,</strong></span> <span class='ocrx_word' id='word_1_170' title='bbox 946 2512 1027 2561; x_wconf 88' lang='lat' dir='ltr'><strong>aceto</strong></span> 
     </span>
     <span class='ocr_line' id='line_1_25' title="bbox 295 2579 1289 2658; baseline 0.004 -21"><span class='ocrx_word' id='word_1_171' title='bbox 295 2610 297 2621; x_wconf 92' lang='lat'><em>·</em></span> <span class='ocrx_word' id='word_1_172' title='bbox 336 2581 429 2639; x_wconf 91' lang='lat' dir='ltr'><strong>Diluit</strong></span> <span class='ocrx_word' id='word_1_173' title='bbox 442 2581 584 2658; x_wconf 85' lang='lat' dir='ltr'><strong>insignem</strong></span> <span class='ocrx_word' id='word_1_174' title='bbox 599 2582 733 2638; x_wconf 89' lang='lat' dir='ltr'><strong>baccam:</strong></span> <span class='ocrx_word' id='word_1_175' title='bbox 754 2579 804 2656; x_wconf 91' lang='lat' dir='ltr'><strong>qui</strong></span> <span class='ocrx_word' id='word_1_176' title='bbox 818 2581 912 2640; x_wconf 89' lang='lat' dir='ltr'><strong>sanior</strong></span> <span class='ocrx_word' id='word_1_177' title='bbox 926 2601 960 2639; x_wconf 90' lang='lat' dir='ltr'><strong>ac</strong></span> <span class='ocrx_word' id='word_1_178' title='bbox 974 2581 998 2639; x_wconf 90' lang='lat' dir='ltr'><strong>si</strong></span> <span class='ocrx_word' id='word_1_179' title='bbox 1227 2582 1289 2641; x_wconf 74' lang='lat'><strong>240</strong></span> 
     </span>
     <span class='ocr_line' id='line_1_26' title="bbox 336 2659 1124 2738; baseline 0.001 -21"><span class='ocrx_word' id='word_1_180' title='bbox 336 2659 411 2718; x_wconf 93' lang='lat' dir='ltr'><strong>Illud</strong></span> <span class='ocrx_word' id='word_1_181' title='bbox 426 2661 502 2718; x_wconf 90' lang='lat' dir='ltr'><strong>idem</strong></span> <span class='ocrx_word' id='word_1_182' title='bbox 516 2662 545 2719; x_wconf 93' lang='lat' dir='ltr'><strong>in</strong></span> <span class='ocrx_word' id='word_1_183' title='bbox 557 2661 686 2738; x_wconf 90' lang='lat' dir='ltr'><strong>rapidum</strong></span> <span class='ocrx_word' id='word_1_184' title='bbox 700 2660 808 2718; x_wconf 89' lang='lat' dir='ltr'><strong>flumen</strong></span> <span class='ocrx_word' id='word_1_185' title='bbox 819 2661 962 2736; x_wconf 88' lang='lat' dir='ltr'><strong>jaceretve</strong></span> <span class='ocrx_word' id='word_1_186' title='bbox 975 2661 1124 2719; x_wconf 68' lang='lat' dir='ltr'><strong>cloacam?</strong></span> 
     </span>
     <span class='ocr_line' id='line_1_27' title="bbox 335 2739 1010 2817; baseline -0.003 -18"><span class='ocrx_word' id='word_1_187' title='bbox 335 2741 440 2802; x_wconf 77' lang='lat' dir='ltr'><strong>Quinti</strong></span> <span class='ocrx_word' id='word_1_188' title='bbox 453 2741 603 2817; x_wconf 87' lang='lat' dir='ltr'><strong>progenies</strong></span> <span class='ocrx_word' id='word_1_189' title='bbox 616 2739 695 2814; x_wconf 88' lang='lat' dir='ltr'><strong>Arri,</strong></span> <span class='ocrx_word' id='word_1_190' title='bbox 709 2760 759 2816; x_wconf 84' lang='lat' dir='ltr'><strong>per</strong></span> <span class='ocrx_word' id='word_1_191' title='bbox 774 2741 868 2798; x_wconf 90' lang='lat' dir='ltr'><strong>nobile</strong></span> <span class='ocrx_word' id='word_1_192' title='bbox 883 2741 1010 2814; x_wconf 88' lang='lat' dir='ltr'><strong>fratrum,</strong></span> 
     </span>
     <span class='ocr_line' id='line_1_28' title="bbox 336 2818 1128 2896; baseline 0.003 -20"><span class='ocrx_word' id='word_1_193' title='bbox 336 2818 483 2895; x_wconf 80' lang='lat' dir='ltr'><strong>Nequitia,</strong></span> <span class='ocrx_word' id='word_1_194' title='bbox 497 2832 526 2877; x_wconf 93' lang='lat' dir='ltr'><strong>et</strong></span> <span class='ocrx_word' id='word_1_195' title='bbox 539 2821 634 2896; x_wconf 87' lang='lat' dir='ltr'><strong>nugis,</strong></span> <span class='ocrx_word' id='word_1_196' title='bbox 647 2838 797 2896; x_wconf 88' lang='lat' dir='ltr'><strong>pravorum</strong></span> <span class='ocrx_word' id='word_1_197' title='bbox 812 2831 841 2877; x_wconf 91' lang='lat' dir='ltr'><strong>et</strong></span> <span class='ocrx_word' id='word_1_198' title='bbox 855 2839 950 2878; x_wconf 87' lang='lat' dir='ltr'><strong>amore</strong></span> <span class='ocrx_word' id='word_1_199' title='bbox 964 2820 1128 2896; x_wconf 85' lang='lat' dir='ltr'><strong>gemellum,</strong></span> 
     </span>
     <span class='ocr_line' id='line_1_29' title="bbox 335 2897 1215 2975; baseline 0.001 -21"><span class='ocrx_word' id='word_1_200' title='bbox 335 2897 486 2956; x_wconf 90' lang='lat' dir='ltr'><strong>Luscinias</strong></span> <span class='ocrx_word' id='word_1_201' title='bbox 499 2899 573 2956; x_wconf 89' lang='lat' dir='ltr'><strong>soliti</strong></span> <span class='ocrx_word' id='word_1_202' title='bbox 587 2900 716 2975; x_wconf 87' lang='lat' dir='ltr'><strong>impenso</strong></span> <span class='ocrx_word' id='word_1_203' title='bbox 728 2898 868 2973; x_wconf 90' lang='lat' dir='ltr'><strong>prandere</strong></span> <span class='ocrx_word' id='word_1_204' title='bbox 883 2903 1038 2974; x_wconf 74' lang='lat' dir='ltr'><strong>coemptas.</strong></span> <span class='ocrx_word' id='word_1_205' title='bbox 1210 2899 1215 2908; x_wconf 87' lang='lat'><em>&#39;</em></span> 
     </span>
     <span class='ocr_line' id='line_1_30' title="bbox 333 2976 1287 3048; baseline -0.001 -11"><span class='ocrx_word' id='word_1_206' title='bbox 333 2977 482 3037; x_wconf 75' lang='lat' dir='ltr'><strong>Quorsmn</strong></span> <span class='ocrx_word' id='word_1_207' title='bbox 496 2978 622 3034; x_wconf 69' lang='lat' dir='ltr'><strong>abeant?</strong></span> <span class='ocrx_word' id='word_1_208' title='bbox 643 2979 706 3034; x_wconf 92' lang='lat' dir='ltr'><strong>sani</strong></span> <span class='ocrx_word' id='word_1_209' title='bbox 720 2989 751 3033; x_wconf 93' lang='lat' dir='ltr'><strong>ut</strong></span> <span class='ocrx_word' id='word_1_210' title='bbox 765 2977 854 3048; x_wconf 76' lang='lat' dir='ltr'><strong>cretis,</strong></span> <span class='ocrx_word' id='word_1_211' title='bbox 869 2996 906 3032; x_wconf 91' lang='lat' dir='ltr'><strong>an</strong></span> <span class='ocrx_word' id='word_1_212' title='bbox 921 2977 1045 3034; x_wconf 88' lang='lat' dir='ltr'><strong>carbone</strong></span> <span class='ocrx_word' id='word_1_213' title='bbox 1059 2976 1202 3035; x_wconf 87' lang='lat' dir='ltr'><strong>notandil</strong></span> <span class='ocrx_word' id='word_1_214' title='bbox 1226 2978 1287 3037; x_wconf 77' lang='lat'><strong>245</strong></span> 
     </span>
     <span class='ocr_line' id='line_1_31' title="bbox 304 3049 1047 3131; baseline 0 -19"><span class='ocrx_word' id='word_1_215' title='bbox 304 3049 312 3064; x_wconf 77' lang='grc'><em>’</em></span> <span class='ocrx_word' id='word_1_216' title='bbox 336 3055 492 3112; x_wconf 86' lang='lat' dir='ltr'><strong>AEdificare</strong></span> <span class='ocrx_word' id='word_1_217' title='bbox 506 3075 597 3127; x_wconf 88' lang='lat' dir='ltr'><strong>casas,</strong></span> <span class='ocrx_word' id='word_1_218' title='bbox 611 3056 759 3131; x_wconf 88' lang='lat' dir='ltr'><strong>plaustello</strong></span> <span class='ocrx_word' id='word_1_219' title='bbox 774 3056 928 3130; x_wconf 83' lang='lat' dir='ltr'><strong>adjungere</strong></span> <span class='ocrx_word' id='word_1_220' title='bbox 943 3074 1047 3128; x_wconf 89' lang='lat' dir='ltr'><strong>mures,</strong></span> 
     </span>
     <span class='ocr_line' id='line_1_32' title="bbox 335 3134 1074 3212; baseline 0.003 -22"><span class='ocrx_word' id='word_1_221' title='bbox 335 3134 448 3191; x_wconf 89' lang='lat' dir='ltr'><strong>Ludere</strong></span> <span class='ocrx_word' id='word_1_222' title='bbox 461 3153 511 3209; x_wconf 90' lang='lat' dir='ltr'><strong>par</strong></span> <span class='ocrx_word' id='word_1_223' title='bbox 525 3134 624 3209; x_wconf 91' lang='lat' dir='ltr'><strong>impar,</strong></span> <span class='ocrx_word' id='word_1_224' title='bbox 639 3136 765 3209; x_wconf 90' lang='lat' dir='ltr'><strong>equitare</strong></span> <span class='ocrx_word' id='word_1_225' title='bbox 780 3135 809 3193; x_wconf 91' lang='lat' dir='ltr'><strong>iu</strong></span> <span class='ocrx_word' id='word_1_226' title='bbox 824 3134 963 3191; x_wconf 89' lang='lat' dir='ltr'><strong>arundine</strong></span> <span class='ocrx_word' id='word_1_227' title='bbox 977 3134 1074 3212; x_wconf 73' lang='lat' dir='ltr'><strong>longia,</strong></span> 
     </span>
     <span class='ocr_line' id='line_1_33' title="bbox 335 3213 1022 3288; baseline 0.001 -17"><span class='ocrx_word' id='word_1_228' title='bbox 335 3215 367 3271; x_wconf 87' lang='lat' dir='ltr'><strong>Si</strong></span> <span class='ocrx_word' id='word_1_229' title='bbox 378 3231 462 3288; x_wconf 91' lang='lat' dir='ltr'><strong>quem</strong></span> <span class='ocrx_word' id='word_1_230' title='bbox 476 3213 598 3270; x_wconf 89' lang='lat' dir='ltr'><strong>delectet</strong></span> <span class='ocrx_word' id='word_1_231' title='bbox 612 3213 769 3285; x_wconf 89' lang='lat' dir='ltr'><strong>barbatum,</strong></span> <span class='ocrx_word' id='word_1_232' title='bbox 784 3213 909 3270; x_wconf 84' lang='lat' dir='ltr'><strong>amentia</strong></span> <span class='ocrx_word' id='word_1_233' title='bbox 922 3225 1022 3272; x_wconf 88' lang='lat' dir='ltr'><strong>verset.</strong></span> 
     </span>
     <span class='ocr_line' id='line_1_34' title="bbox 335 3292 980 3368; baseline 0 -18"><span class='ocrx_word' id='word_1_234' title='bbox 335 3294 367 3350; x_wconf 87' lang='lat' dir='ltr'><strong>si</strong></span> <span class='ocrx_word' id='word_1_235' title='bbox 380 3292 516 3368; x_wconf 90' lang='lat' dir='ltr'><strong>puerilius</strong></span> <span class='ocrx_word' id='word_1_236' title='bbox 530 3292 573 3349; x_wconf 89' lang='lat' dir='ltr'><strong>his</strong></span> <span class='ocrx_word' id='word_1_237' title='bbox 584 3293 654 3350; x_wconf 85' lang='lat' dir='ltr'><strong>ratio</strong></span> <span class='ocrx_word' id='word_1_238' title='bbox 665 3312 727 3350; x_wconf 90' lang='lat' dir='ltr'><strong>esse</strong></span> <span class='ocrx_word' id='word_1_239' title='bbox 741 3292 854 3350; x_wconf 88' lang='lat' dir='ltr'><strong>evincet</strong></span> <span class='ocrx_word' id='word_1_240' title='bbox 867 3312 980 3362; x_wconf 90' lang='lat' dir='ltr'><strong>amare;</strong></span> 
     </span>
     <span class='ocr_line' id='line_1_35' title="bbox 334 3370 1286 3449; baseline 0.002 -19"><span class='ocrx_word' id='word_1_241' title='bbox 334 3371 400 3430; x_wconf 95' lang='lat' dir='ltr'><strong>Nec</strong></span> <span class='ocrx_word' id='word_1_242' title='bbox 413 3371 566 3447; x_wconf 90' lang='lat' dir='ltr'><strong>quidquam</strong></span> <span class='ocrx_word' id='word_1_243' title='bbox 580 3370 702 3445; x_wconf 86' lang='lat' dir='ltr'><strong>differre,</strong></span> <span class='ocrx_word' id='word_1_244' title='bbox 717 3383 851 3430; x_wconf 90' lang='lat' dir='ltr'><strong>utrumne</strong></span> <span class='ocrx_word' id='word_1_245' title='bbox 866 3373 895 3429; x_wconf 90' lang='lat' dir='ltr'><strong>in</strong></span> <span class='ocrx_word' id='word_1_246' title='bbox 908 3373 1034 3449; x_wconf 88' lang='lat' dir='ltr'><strong>pulvere,</strong></span> <span class='ocrx_word' id='word_1_247' title='bbox 1048 3372 1149 3431; x_wconf 88' lang='lat' dir='ltr'><strong>trimus</strong></span> <span class='ocrx_word' id='word_1_248' title='bbox 1223 3373 1286 3432; x_wconf 72' lang='lat'><strong>250</strong></span> 
     </span>
     <span class='ocr_line' id='line_1_36' title="bbox 334 3448 1055 3528; baseline 0.001 -20"><span class='ocrx_word' id='word_1_249' title='bbox 334 3451 430 3514; x_wconf 76' lang='lat' dir='ltr'><strong>Quale</strong></span> <span class='ocrx_word' id='word_1_250' title='bbox 444 3448 533 3528; x_wconf 82' lang='lat' dir='ltr'><strong>priris,</strong></span> <span class='ocrx_word' id='word_1_251' title='bbox 547 3451 630 3508; x_wconf 90' lang='lat' dir='ltr'><strong>ludas</strong></span> <span class='ocrx_word' id='word_1_252' title='bbox 642 3470 723 3527; x_wconf 90' lang='lat' dir='ltr'><strong>opus,</strong></span> <span class='ocrx_word' id='word_1_253' title='bbox 735 3470 772 3509; x_wconf 88' lang='lat' dir='ltr'><strong>an</strong></span> <span class='ocrx_word' id='word_1_254' title='bbox 787 3452 945 3509; x_wconf 88' lang='lat' dir='ltr'><strong>meretricis</strong></span> <span class='ocrx_word' id='word_1_255' title='bbox 960 3470 1055 3510; x_wconf 88' lang='lat' dir='ltr'><strong>amore</strong></span> 
     </span>
     <span class='ocr_line' id='line_1_37' title="bbox 335 3531 1040 3607; baseline 0 -18"><span class='ocrx_word' id='word_1_256' title='bbox 335 3531 480 3589; x_wconf 85' lang='lat' dir='ltr'><strong>Sollicitus</strong></span> <span class='ocrx_word' id='word_1_257' title='bbox 493 3532 601 3607; x_wconf 89' lang='lat' dir='ltr'><strong>plores:</strong></span> <span class='ocrx_word' id='word_1_258' title='bbox 622 3551 728 3607; x_wconf 69' lang='lat' dir='ltr'><strong>quaero,</strong></span> <span class='ocrx_word' id='word_1_259' title='bbox 743 3532 869 3590; x_wconf 87' lang='lat' dir='ltr'><strong>faciasne</strong></span> <span class='ocrx_word' id='word_1_260' title='bbox 882 3531 957 3607; x_wconf 90' lang='lat' dir='ltr'><strong>quod</strong></span> <span class='ocrx_word' id='word_1_261' title='bbox 971 3531 1040 3589; x_wconf 91' lang='lat' dir='ltr'><strong>olim</strong></span> 
     </span>
     <span class='ocr_line' id='line_1_38' title="bbox 334 3607 994 3691; baseline -0.002 -24"><span class='ocrx_word' id='word_1_262' title='bbox 334 3610 463 3668; x_wconf 87' lang='lat' dir='ltr'><strong>Mutatus</strong></span> <span class='ocrx_word' id='word_1_263' title='bbox 477 3610 633 3670; x_wconf 83' lang='lat' dir='ltr'><strong>Polemoni</strong></span> <span class='ocrx_word' id='word_1_264' title='bbox 653 3631 743 3688; x_wconf 89' lang='lat' dir='ltr'><strong>ponas</strong></span> <span class='ocrx_word' id='word_1_265' title='bbox 757 3612 881 3688; x_wconf 84' lang='lat' dir='ltr'><strong>insignia</strong></span> <span class='ocrx_word' id='word_1_266' title='bbox 894 3607 994 3691; x_wconf 86' lang='lat' dir='ltr'><strong>morbi,</strong></span> 
     </span>
     <span class='ocr_line' id='line_1_39' title="bbox 334 3688 950 3767; baseline 0 -20"><span class='ocrx_word' id='word_1_267' title='bbox 334 3688 489 3761; x_wconf 76' lang='lat' dir='ltr'><strong>FasciolaS,</strong></span> <span class='ocrx_word' id='word_1_268' title='bbox 503 3690 619 3763; x_wconf 88' lang='lat' dir='ltr'><strong>cubital,</strong></span> <span class='ocrx_word' id='word_1_269' title='bbox 635 3691 746 3763; x_wconf 89' lang='lat' dir='ltr'><strong>focalia,</strong></span> <span class='ocrx_word' id='word_1_270' title='bbox 760 3702 843 3767; x_wconf 91' lang='lat' dir='ltr'><strong>potus</strong></span> <span class='ocrx_word' id='word_1_271' title='bbox 857 3701 889 3747; x_wconf 92' lang='lat' dir='ltr'><strong>ut</strong></span> <span class='ocrx_word' id='word_1_272' title='bbox 902 3690 950 3747; x_wconf 90' lang='lat' dir='ltr'><strong>ille</strong></span> 
     </span>
     <span class='ocr_line' id='line_1_40' title="bbox 335 3767 1288 3846; baseline 0.001 -20"><span class='ocrx_word' id='word_1_273' title='bbox 335 3768 447 3827; x_wconf 91' lang='lat' dir='ltr'><strong>Dicitur</strong></span> <span class='ocrx_word' id='word_1_274' title='bbox 461 3788 497 3825; x_wconf 85' lang='lat' dir='ltr'><strong>ex</strong></span> <span class='ocrx_word' id='word_1_275' title='bbox 510 3770 584 3827; x_wconf 89' lang='lat' dir='ltr'><strong>collo</strong></span> <span class='ocrx_word' id='word_1_276' title='bbox 597 3770 692 3828; x_wconf 78' lang='lat' dir='ltr'><strong>firrtim</strong></span> <span class='ocrx_word' id='word_1_277' title='bbox 707 3771 845 3846; x_wconf 89' lang='lat' dir='ltr'><strong>carpsisse</strong></span> <span class='ocrx_word' id='word_1_278' title='bbox 859 3787 988 3840; x_wconf 89' lang='lat' dir='ltr'><strong>coronas,</strong></span> <span class='ocrx_word' id='word_1_279' title='bbox 1225 3767 1288 3827; x_wconf 76' lang='lat'><strong>255</strong></span> 
     </span>
     <span class='ocr_line' id='line_1_41' title="bbox 334 3846 1096 3925; baseline -0.001 -20"><span class='ocrx_word' id='word_1_280' title='bbox 334 3848 486 3923; x_wconf 89' lang='lat' dir='ltr'><strong>Postquam</strong></span> <span class='ocrx_word' id='word_1_281' title='bbox 500 3859 543 3905; x_wconf 91' lang='lat' dir='ltr'><strong>est</strong></span> <span class='ocrx_word' id='word_1_282' title='bbox 556 3849 691 3925; x_wconf 89' lang='lat' dir='ltr'><strong>impransi</strong></span> <span class='ocrx_word' id='word_1_283' title='bbox 706 3859 851 3924; x_wconf 83' lang='lat' dir='ltr'><strong>correptus</strong></span> <span class='ocrx_word' id='word_1_284' title='bbox 865 3866 934 3905; x_wconf 82' lang='lat' dir='ltr'><strong>voce</strong></span> <span class='ocrx_word' id='word_1_285' title='bbox 948 3846 1096 3923; x_wconf 63' lang='lat' dir='ltr'><strong>magistri?</strong></span> 
     </span>
     <span class='ocr_line' id='line_1_42' title="bbox 334 3926 997 4005; baseline -0.002 -21"><span class='ocrx_word' id='word_1_286' title='bbox 334 3926 459 4004; x_wconf 84' lang='lat' dir='ltr'><strong>Porrigis</strong></span> <span class='ocrx_word' id='word_1_287' title='bbox 472 3927 543 3985; x_wconf 87' lang='lat' dir='ltr'><strong>irato</strong></span> <span class='ocrx_word' id='word_1_288' title='bbox 556 3947 644 4005; x_wconf 89' lang='lat' dir='ltr'><strong>puero</strong></span> <span class='ocrx_word' id='word_1_289' title='bbox 657 3946 743 4002; x_wconf 91' lang='lat' dir='ltr'><strong>quum</strong></span> <span class='ocrx_word' id='word_1_290' title='bbox 757 3947 851 4003; x_wconf 89' lang='lat' dir='ltr'><strong>poma,</strong></span> <span class='ocrx_word' id='word_1_291' title='bbox 866 3936 997 3985; x_wconf 88' lang='lat' dir='ltr'><strong>recusat:</strong></span> 
     </span>
     <span class='ocr_line' id='line_1_43' title="bbox 335 4005 1198 4083; baseline 0.001 -20"><span class='ocrx_word' id='word_1_292' title='bbox 335 4008 452 4078; x_wconf 63' lang='lat' dir='ltr'><strong>‘Sume</strong></span> <span class='ocrx_word' id='word_1_293' title='bbox 467 4006 577 4064; x_wconf 86' lang='lat' dir='ltr'><strong>Catelle</strong></span> <span class='ocrx_word' id='word_1_294' title='bbox 586 4008 603 4077; x_wconf 87' lang='lat'><strong>;&#39;</strong></span> <span class='ocrx_word' id='word_1_295' title='bbox 639 4018 741 4083; x_wconf 87' lang='lat' dir='ltr'><strong>negat:</strong></span> <span class='ocrx_word' id='word_1_296' title='bbox 763 4006 787 4062; x_wconf 91' lang='lat' dir='ltr'><strong>si</strong></span> <span class='ocrx_word' id='word_1_297' title='bbox 801 4026 860 4064; x_wconf 91' lang='lat' dir='ltr'><strong>non</strong></span> <span class='ocrx_word' id='word_1_298' title='bbox 874 4007 934 4079; x_wconf 90' lang='lat' dir='ltr'><strong>des,</strong></span> <span class='ocrx_word' id='word_1_299' title='bbox 948 4015 1035 4082; x_wconf 89' lang='lat' dir='ltr'><strong>optat.</strong></span> <span class='ocrx_word' id='word_1_300' title='bbox 1077 4005 1198 4068; x_wconf 81' lang='lat' dir='ltr'><strong>Amator</strong></span> 
     </span>
     <span class='ocr_line' id='line_1_44' title="bbox 335 4085 1090 4162; baseline 0 -19"><span class='ocrx_word' id='word_1_301' title='bbox 335 4085 477 4143; x_wconf 90' lang='lat' dir='ltr'><strong>Exclusus</strong></span> <span class='ocrx_word' id='word_1_302' title='bbox 489 4085 538 4161; x_wconf 90' lang='lat' dir='ltr'><strong>qui</strong></span> <span class='ocrx_word' id='word_1_303' title='bbox 553 4087 646 4159; x_wconf 89' lang='lat' dir='ltr'><strong>distat,</strong></span> <span class='ocrx_word' id='word_1_304' title='bbox 661 4086 720 4162; x_wconf 82' lang='lat' dir='ltr'><strong>agit</strong></span> <span class='ocrx_word' id='word_1_305' title='bbox 733 4086 783 4143; x_wconf 93' lang='lat' dir='ltr'><strong>ubi</strong></span> <span class='ocrx_word' id='word_1_306' title='bbox 797 4105 906 4158; x_wconf 91' lang='lat' dir='ltr'><strong>secum,</strong></span> <span class='ocrx_word' id='word_1_307' title='bbox 920 4096 966 4142; x_wconf 90' lang='lat' dir='ltr'><strong>eat</strong></span> <span class='ocrx_word' id='word_1_308' title='bbox 980 4105 1016 4142; x_wconf 91' lang='lat' dir='ltr'><strong>an</strong></span> <span class='ocrx_word' id='word_1_309' title='bbox 1030 4104 1090 4143; x_wconf 90' lang='lat' dir='ltr'><strong>non</strong></span> 
     </span>
     <span class='ocr_line' id='line_1_45' title="bbox 334 4162 1288 4239; baseline 0.001 -17"><span class='ocrx_word' id='word_1_310' title='bbox 334 4162 405 4228; x_wconf 75' lang='lat' dir='ltr'><strong>Qut</strong></span> <span class='ocrx_word' id='word_1_311' title='bbox 420 4165 560 4224; x_wconf 87' lang='lat' dir='ltr'><strong>rediturus</strong></span> <span class='ocrx_word' id='word_1_312' title='bbox 574 4177 634 4224; x_wconf 85' lang='lat' dir='ltr'><strong>erat</strong></span> <span class='ocrx_word' id='word_1_313' title='bbox 647 4185 705 4224; x_wconf 90' lang='lat' dir='ltr'><strong>non</strong></span> <span class='ocrx_word' id='word_1_314' title='bbox 718 4166 880 4239; x_wconf 86' lang='lat' dir='ltr'><strong>arcessitus,</strong></span> <span class='ocrx_word' id='word_1_315' title='bbox 894 4176 923 4223; x_wconf 87' lang='lat' dir='ltr'><strong>et</strong></span> <span class='ocrx_word' id='word_1_316' title='bbox 933 4165 1022 4223; x_wconf 73' lang='lat' dir='ltr'><strong>haeret</strong></span> <span class='ocrx_word' id='word_1_317' title='bbox 1227 4162 1288 4223; x_wconf 76' lang='lat'><strong>200</strong></span> 
     </span>
    </p>
   </div>
   <div class='ocr_carea' id='block_1_3' title="bbox 0 0 1546 4900">
    <p class='ocr_par' dir='ltr' id='par_1_3' title="bbox 0 0 1546 4900">
     <span class='ocr_line' id='line_1_46' title="bbox 0 0 1546 4900; baseline 0 1"><span class='ocrx_word' id='word_1_318' title='bbox 0 0 1546 4900; x_wconf 95' lang='lat' dir='ltr'><strong> </strong></span> 
     </span>
    </p>
   </div>
  </div>
 </body>
</html>
