3084 4900
432 948 481 1040 q.
520 944 806 1021 Honurrr
852 941 1097 1018 rnnccr

592 1192 943 1259 SATIRARUM

631 1427 736 1476 LIBER
752 1426 897 1477 PRIMUS.

669 1880 829 1942 SATIRA
848 1880 873 1940 Ι.

634 2022 675 2061 ΔΙ)
689 2020 897 2060 MAECENATBM.

350 2125 413 2190 Qut
428 2125 469 2198 fit,
484 2124 639 2195 Maecenas,-
653 2134 685 2180 ut
698 2141 785 2180 nemo
795 2140 880 2197 quam
894 2121 949 2179 sibi
963 2133 1068 2181 sortem

350 2208 410 2266 Seu
422 2206 494 2262 ratio
507 2204 626 2274 dederit,
640 2221 691 2260 seu
706 2203 762 2259 fors
775 2202 921 2278 objecerit,
936 2202 986 2259 illo

349 2286 510 2344 Contentus
523 2284 606 2354 vivat,
619 2282 717 2340 laudet
731 2281 841 2338 diversa
854 2284 1024 2357 sequemesl

350 2370 368 2397 “
378 2365 406 2422 Ο
422 2363 555 2421 fortunati
569 2372 740 2418 mercatores
749 2362 775 2417 !’'
798 2361 891 2435 gravis
905 2361 988 2418 annis

350 2441 436 2502 Miles
450 2443 498 2515 ait,
512 2441 601 2499 multo
611 2441 671 2517 jam
683 2440 789 2497 fractus
803 2439 932 2498 membra
944 2440 1049 2500 labore.

350 2520 459 2582 Contra
472 2531 622 2592 mercator,
636 2519 732 2576 navim
742 2518 917 2595 jactantibus
931 2520 1056 2592 Austris,

350 2601 484 2659 “Militia
496 2612 539 2657 est
552 2601 660 2675 potior:
674 2597 742 2671 quid
757 2598 855 2654 eniml
877 2599 1055 2656 concurritur
1063 2618 1071 2668 ;
1092 2599 1170 2659 horre

350 2680 498 2739 Memento
512 2679 570 2735 cita
583 2696 659 2734 mors
672 2676 759 2746 venit,
773 2686 823 2732 aut
835 2676 953 2733 victoria
966 2677 1057 2734 laeta”

350 2759 517 2837 Agricolam
530 2757 627 2813 laudat
638 2754 710 2831 juris
724 2754 876 2830 legumque
886 2756 1004 2831 peritus,

332 2844 336 2851 ’
351 2841 412 2898 Sub
425 2837 623 2915 gallicantum
637 2833 782 2892 consultor
796 2835 845 2891 ubi
858 2835 930 2891 ostia
943 2835 1044 2912 pulsat.
1226 2840 1263 2900 lo

350 2918 413 2990 Ille,
427 2917 501 2974 datis
514 2915 632 2973 vadibus
646 2913 694 2989 qui
708 2933 773 2972 rure
787 2925 931 2972 extractus
945 2916 974 2972 in
989 2916 1088 2973 urbem
1101 2926 1155 2990 est,

252 3034 254 3037 ·
352 2997 433 3056 Solos
447 2997 544 3054 felices
558 2995 684 3052 viventes
698 2993 804 3051 clamat
817 2993 846 3050 in
858 2995 937 3052 urbe.

351 3077 462 3134 Caetera
475 3076 511 3132 de
524 3093 630 3150 genere
644 3074 708 3144 hoc,
723 3069 796 3130 adeo
811 3084 878 3130 sunt
891 3073 990 3147 multa,
1004 3073 1154 3150 loquacem

350 3155 501 3213 Delassare
515 3154 609 3210 valent
623 3152 753 3210 Fabium.
786 3151 816 3208 N
818 3172 835 3210 e
848 3163 876 3212 te
890 3172 993 3226 morer,
1007 3155 1075 3211 audi

350 3232 421 3296 Qud
435 3252 495 3291 rem
509 3233 658 3290 deducam.
692 3232 724 3288 Si
737 3231 801 3306 quis
814 3232 895 3305 deus,
911 3237 928 3262 “
941 3231 987 3290 En
1001 3234 1084 3309 ego,''
1096 3233 1183 3307 dicat,
1226 3235 1263 3293 15

351 3319 370 3344 “
382 3312 448 3370 Jam
462 3311 564 3369 faciam
579 3310 653 3386 quod
668 3311 768 3368 vultis:
791 3311 846 3368 eris
860 3322 900 3383 tu,
915 3312 963 3386 qui
976 3310 1063 3370 modo
1078 3312 1169 3386 miles,

343 3390 510 3449 Mercator:
532 3401 573 3461 tu,
588 3390 734 3447 consultus
748 3387 845 3462 modo,
860 3392 999 3448 rusticus:
1021 3391 1091 3448 hinc
1104 3410 1164 3464 vos,

350 3472 410 3529 Vos
424 3471 502 3543 hinc,
517 3469 633 3525 mutatis
647 3468 786 3525 discedite
800 3470 935 3542 partibus.
969 3467 1039 3526 Eial

350 3549 431 3611 Quid
446 3549 563 3606 statisl”
586 3545 696 3604 Nolint.
731 3546 820 3620 Atqui
835 3547 905 3604 licet
917 3565 981 3604 esse
995 3547 1094 3606 beatis.

350 3628 431 3690 Quid
445 3646 540 3686 cause
554 3636 598 3684 est
611 3621 713 3682 merito
727 3625 796 3699 quin
810 3625 865 3681 illis
879 3625 992 3700 Jupiter
1005 3626 1104 3684 ambas
1222 3625 1264 3686 2⁰

350 3706 444 3765 Iratus
458 3708 564 3764 buccas
578 3703 667 3777 inflet,
682 3722 776 3779 neque
790 3722 820 3761 se
834 3705 893 3762 fore
906 3704 1025 3780 posthac

351 3786 427 3845 Tam
441 3785 554 3843 facilem
569 3785 646 3843 dicat
659 3785 730 3842 votis
744 3793 776 3841 ut
786 3784 912 3858 prebeat
925 3786 1044 3843 aureml

389 3866 539 3937 Praeterea,
554 3884 591 3922 ne
606 3864 658 3937 sic,
673 3864 765 3939 utqui
776 3863 924 3939 jocularia,
939 3865 1035 3922 ridens

349 3944 534 4002 Percurram:
555 3963 714 4020 quanquam
729 3944 870 4001 ridentem
884 3944 980 4000 dicere
994 3961 1092 4001 verum

349 4023 431 4085 Quid
446 4025 540 4080 vetatl
561 4035 593 4080 ut
605 4024 700 4098 pueris
714 4022 782 4080 olim
797 4023 867 4080 dant
880 4021 1007 4079 crustula
1017 4022 1115 4082 blandi
1222 4019 1265 4079 ‘25
1316 4044 1319 4057 ·

349 4103 499 4168 Doctores
510 4101 654 4160 elementa
667 4102 754 4160 velint
768 4113 800 4160 ut
813 4102 924 4160 discere
937 4102 1045 4178 prima:
