3084 4900
517 617 717 684 CARMINUM
734 617 801 666 LIB.
818 619 868 667 111.

352 759 515 817 Risissent:
538 759 596 816 fore
609 760 687 816 enirn
701 769 794 815 tutum
807 760 860 817 iter
873 771 903 817 et
914 772 1024 838 patens=

510 837 656 894 Converso
669 837 699 892 in
713 838 835 911 pretium
850 840 912 915 deo.

354 917 467 972 Aurum
480 935 530 990 per
544 917 653 972 medios
668 916 708 972 ire
723 916 867 987 satellites,

354 994 392 1051 Et
405 1013 585 1069 perrumpere
600 1005 676 1050 amat
689 1013 766 1064 saxa,
781 994 924 1069 potentius

354 1072 420 1130 Ictu
434 1072 577 1129 fulmineo.
618 1072 753 1129 Concidit
767 1074 883 1148 auguris
968 1101 972 1105 ·
1046 1068 1060 1075 ’

510 1150 611 1226 Argivi
624 1152 735 1221 domus,
748 1151 787 1207 ob
799 1151 913 1209 lucrum

353 1228 492 1285 Demersa
504 1230 624 1286 excidio.
667 1228 779 1286 Diffidit
792 1230 906 1287 urbium

352 1307 452 1365 Portas
464 1307 506 1364 vir
520 1306 652 1380 Macedo,
667 1318 695 1364 et
708 1308 820 1365 subruit
834 1309 952 1366 aemulos

353 1386 451 1461 Reges
464 1386 637 1442 muneribus.
661 1427 665 1434 .
678 1383 803 1444 Munera
816 1388 944 1444 navium'

511 1465 606 1522 Saevos
620 1463 772 1538 illaqueant
786 1466 884 1523 duces.

354 1542 538 1600 Crescentem
552 1544 678 1617 sequitur
692 1543 938 1634 curafpecuniam,

353 1621 549 1696 Majorumque
564 1622 661 1678 fames.
702 1604 934 1697 dee‘perhorrui

352 1698 424 1757 Lete
439 1685 756 1775 conspicuumtcllere*
749 1700 894 1771 verticem,

511 1776 666 1848 Maecenas,
680 1778 806 1851 equitum
820 1779 934 1848 decus.¹

351 1852 473 1918 Quanto
487 1856 604 1929 quisque
619 1856 672 1911 sibi
685 1855 767 1928 plura
780 1853 936 1931 negaverit,

354 1936 382 1992 A
396 1934 441 1991 dis
454 1934 535 2011 plura
550 1933 628 1990 feret.
668 1932 720 1990 Nil
736 1934 913 2009 cupientium

353 2013 459 2072 Nudus
474 2023 566 2070 castre
578 2022 654 2088 peto,
669 2023 698 2069 et
711 2012 857 2088 transfuga
871 2014 990 2072 divitum

510 2091 609 2150 Partes
621 2092 749 2166 linquere
763 2092 870 2167 gestio;

352 2170 529 2246 Contemptis
543 2170 675 2227 dominus
688 2170 861 2247 splendidior
874 2170 925 2243 rei,
967 2186 976 2236 'z

351 2248 451 2310 Quam
465 2250 488 2306 si
501 2249 637 2325 quidquid
651 2261 711 2307 arat
724 2250 844 2325 impiger
858 2249 991 2327 Appuloe

353 2326 508 2386 Occultare
522 2329 593 2385 meis
607 2330 717 2386 dicerer
731 2330 850 2402 horreis,
945 2346 967 2435 l!

508 2405 631 2483 Magnas
645 2408 718 2465 inter
731 2427 800 2496 opes
814 2408 903 2484 inops.

343 2486 433 2560 ,Purae
448 2486 524 2543 rivus
538 2505 628 2561 aquae,
643 2487 766 2561 silvaque
777 2505 911 2561 jugerum

352 2564 523 2635 Paucorum,
536 2576 566 2621 et
580 2565 684 2640 segetis
698 2574 778 2620 certa
790 2564 861 2621 fides
874 2583 957 2639 meae,

351 2642 522 2719 Fulgentem
536 2643 654 2716 imperio
668 2641 766 2698 fertilis
781 2641 887 2698 Africae

509 2719 596 2776 Fallit
610 2729 684 2776 sorte
698 2719 815 2776 beatior.

350 2800 526 2874 Quanquam
539 2817 595 2855 nec
609 2796 737 2854 Calabrae
752 2797 837 2855 mella
850 2796 944 2856 serunt
957 2816 1034 2877 apes,

351 2878 417 2936 Nec
431 2876 625 2953 Lestrygonia
639 2875 771 2933 Bacchus
786 2877 815 2933 in
829 2877 966 2952 amphord

350 2955 525 3036 Languescit
538 2956 618 3027 mihi,
632 2973 687 3012 nec
700 2956 819 3032 pinguia
831 2955 951 3017 Gallicis

390 3032 401 3037 “
508 3033 650 3100 Crescunt
664 3032 767 3091 vellera
780 3035 909 3110 pascuis3

352 3114 517 3189 Importuna
527 3123 623 3171 tamen
635 3113 785 3189 pauperies
799 3115 894 3185 abest;

323 3202 326 3211 ¹
351 3193 427 3265 Nec,
441 3193 465 3249 si
477 3193 560 3269 plura
572 3193 666 3264 velim,
681 3203 712 3249 tu
726 3193 794 3249 dare
808 3193 943 3270 deneges.

351 3272 505 3330 Contracta
518 3268 620 3329 melidis
634 3289 719 3346 parva
729 3271 864 3346 cupidine

506 3349 668 3426 Vectigalia
680 3350 833 3426 porrigam,

350 3425 450 3491 Quam
464 3428 488 3486 si
503 3425 667 3503 Mygdoniis
681 3447 802 3503 regnum
816 3428 944 3502 Alyattei

351 3507 468 3583 Campis
481 3507 655 3564 continuem.
697 3505 790 3562 Multa
802 3506 964 3580 petentibus

351 3584 463 3646 Desunt
475 3583 573 3642 multa.
614 3583 694 3640 Bene
707 3594 751 3639 est
764 3584 813 3640 cui
826 3581 906 3639 Deus
914 3581 1018 3643 obtulit

509 3661 601 3720 Parcd
614 3662 690 3738 quod
704 3657 776 3718 satis
789 3672 833 3720 est
846 3677 943 3720 manu.

427 3742 450 3803 5
