3084 4900
642 599 674 655 Q.
692 598 838 648 HORATII
855 599 978 650 FLACCI

730 819 814 878 ODE
828 820 900 880 XII.

661 958 700 995 An
722 959 825 997 AELIUM
845 958 973 997 LAMIAM.

478 1055 681 1150 AEurvvetusto
695 1058 798 1147 pobilis
813 1058 849 1148 ²9)
862 1058 963 1127 Lamp,
1051 1090 1076 1143 g

479 1133 619 1211 (Quando
633 1131 662 1191 et
674 1154 782 1213 priores
796 1135 863 1207 hine
877 1116 992 1191 Ldmias
1006 1134 1101 1192 serunt

516 1212 732 1289 Depuminatos
747 1222 776 1271 et
789 1204 929 1287 nepotum
1003 1253 1030 1292 [4

516 1336 542 1377 19
553 1288 608 1349 Per
622 1295 667 1366 me
699 1278 867 1384 pfesge‘rrus
881 1270 965 1348 omne
977 1291 1063 1349 fastos

467 1312 717 1507 3¹10t01⁶7412ffl0
731 1357 811 1426 ddait
823 1354 973 1444 orifiinem

508 1446 536 1502 ui
551 1438 729 1547 Eprm'rarppr
737 1433 848 1542 ffinia
862 1431 964 1531 (55de

513 1523 661 1617 Priapeps,

676 1532 705 1584 et
718 1540 864 1602 mirantem
879 1525 997 1608 Mdrieae

492 1635 516 1685 a
552 1606 708 1688 Lippus
721 1602 846 1663 retussa
860 1593 960 1678 utrm,

474 1679 548 1740 Late
562 1684 729 1763 tyrannus);
752 1703 815 1741 eras
831 1685 905 1742 soliis
918 1703 1021 1742 nemus

474 1760 575 1819 Multis
589 1774 617 1820 et
631 1763 696 1839 alga
709 1764 788 1820 littus
802 1764 895 1821 inutili

512 1841 645 1899 Demissa
658 1852 811 1919 tempestas
824 1844 860 1899 ab
873 1842 952 1901 Euro

556 1922 680 1993 Sternet,
695 1942 775 1997 aquae
789 1922 845 1978 nisi
859 1922 931 1979 fallit
945 1940 1035 1997 augur

474 1999 596 2056 Annosa
609 2001 716 2057 cornix.
759 1999 838 2055 Dum
851 2012 942 2075 potes,
956 2001 1067 2057 aridum

475 2077 623 2151 Compone
637 2077 763 2151 lignum:
786 2096 849 2133 eras
862 2078 988 2135 Genium
1002 2097 1081 2136 mero

513 2155 645 2226 Curubis,
659 2166 688 2211 et
701 2174 788 2230 porco
801 2155 938 2227 bimestri,

554 2231 630 2289 Cum
645 2233 757 2292 samulis
770 2252 889 2309 operum
902 2234 1009 2291 solutis.

716 2549 801 2607 ODE
814 2550 902 2609 XIII.

709 2688 749 2727 AD
772 2690 906 2730 FAUNUM.

474 2786 593 2859 Fauna,
607 2787 807 2863 Nympharum
821 2789 980 2866 firgientdm
994 2799 1113 2864 amator,

473 2865 528 2923 Per
541 2885 620 2922 meos
633 2865 705 2921 fines
719 2877 747 2922 et
761 2868 858 2941 aprica
870 2889 937 2925 rura

472 2943 561 3001 Leuis
574 2944 701 3012 incedas,
716 2943 856 3017 abeasque
871 2947 963 3019 parvis

669 3021 781 3095 AEquus
795 3023 933 3079 alumnis:

473 3100 506 3156 Si
519 3109 599 3156 tener
611 3098 695 3173 pleno
709 3100 786 3155 cadit
801 3100 899 3156 haedus
913 3119 998 3172 anno,

473 3177 566 3252 Larga
579 3196 634 3233 nee
647 3178 751 3235 desunt
764 3178 887 3235 Veneris
900 3179 991 3236 sodali

472 3256 550 3313 Vina
563 3265 689 3326 craterae,
703 3267 783 3313 vetus
798 3277 846 3313 ara
860 3257 949 3315 multo

664 3333 769 3392 Fumat
782 3337 877 3392 odore.

473 3413 561 3470 Ludit
574 3413 693 3471 herboso
707 3433 796 3488 pecus
809 3433 894 3472 omne
909 3433 1020 3491 eampo,

471 3493 573 3554 Quum
586 3493 638 3549 tibi
651 3492 745 3549 Nonae
758 3494 880 3551 redeunt
893 3494 1085 3552 Decembres:

474 3571 577 3630 Festus
590 3572 620 3630 in
633 3574 721 3649 pratis
734 3583 816 3631 vacat
828 3574 918 3632 otioso

670 3652 745 3709 Cum
759 3652 830 3709 bove
842 3671 949 3729 pagus:

473 3727 552 3786 luter
566 3731 690 3787 audaces
704 3731 787 3805 lupus
800 3743 875 3788 errat
889 3748 994 3806 agnos:

475 3807 589 3882 spargit
603 3820 728 3882 agrestes
741 3809 876 3882 tibifsilva
890 3808 1020 3865 frondes:

474 3885 589 3943 Gaudet
601 3866 875 3964 invisamfipitpdj'gqe
890 3886 977 3943 fossor

672 3962 732 4021 Ter
745 3965 819 4038 pede
829 3977 941 4022 terram.
