3084 4900
621 630 652 685 Q.
671 629 817 677 HORATII
834 630 958 679 FLACCI

375 770 441 830 Nec
454 780 512 829 tam
526 771 647 829 Larissae
660 772 800 848 percussit
813 791 931 849 campus
943 773 1056 849 opimas,

493 848 593 912 Quam
607 853 707 909 domus
721 852 863 909 Albuneae
878 853 1046 925 resonantis,

374 929 413 987 Et
425 948 551 1007 praeceps
565 931 652 1004 Anio,
667 950 701 988 ac
715 931 839 989 Tiburni
854 932 945 1005 lucus,
959 942 989 990 et
1001 933 1059 990 uda

494 1008 648 1067 Mobilibus
660 1011 787 1086 pomaria
800 1011 874 1068 rivis.

375 1086 467 1145 Albus
481 1098 512 1145 ut
524 1090 646 1146 obscuro
661 1091 790 1163 deterget
802 1087 905 1145 nubila.
914 1088 986 1146 coelo

493 1165 576 1242 Saepe
591 1166 621 1222 N
623 1178 695 1237 otus
710 1186 803 1240 neque
816 1167 934 1243 parturit
948 1167 1053 1225 imbres

374 1244 545 1321 Perpetuos;
567 1246 608 1301 sic
622 1256 652 1302 tu
667 1247 780 1321 sapiens
794 1246 875 1303 finire
889 1257 1032 1304 memento

492 1324 651 1381 Tristitiam
665 1325 783 1399 vitaque
796 1325 907 1381 labores

374 1400 465 1475 Molli,
479 1402 596 1475 Plance,
611 1422 705 1473 mero;
728 1423 780 1460 seu
794 1415 821 1460 te
836 1404 972 1479 fulgentia
985 1404 1074 1480 signis

492 1481 593 1539 Castra
606 1494 714 1554 tenent,
729 1502 779 1539 seu
794 1485 882 1541 densa
896 1482 1004 1541 tenebit
1242 1484 1282 1543 20

373 1558 492 1617 Tiburis
505 1562 605 1617 umbra
619 1562 669 1618 tui.
712 1562 827 1619 Teucer
842 1562 987 1619 Salamina
999 1572 1163 1639 patremque

490 1640 591 1702 Quum
606 1640 725 1716 fugeret,
738 1652 834 1697 tamen
849 1637 905 1698 uda
919 1641 1005 1716 Lyaeo

373 1717 517 1795 Tempora
530 1720 651 1795 populea
666 1720 752 1777 fertur
766 1721 889 1777 vinxisse
903 1721 1019 1793 comnia,

491 1798 541 1855 Sic
555 1799 648 1856 tristes
663 1800 763 1857 affatus
778 1800 901 1857 amicos:

373 1874 470 1939 “Quo
485 1897 537 1936 nos
552 1897 665 1952 cunque
680 1879 750 1937 feret
764 1880 862 1937 melior
877 1880 988 1938 fortuna
1001 1889 1129 1956 parente,
1240 1881 1281 1938 25

490 1957 609 2028 Ibimus,
623 1977 641 2013 o
655 1960 724 2016 socii
739 1960 929 2032 comitesque!

371 2033 422 2093 Nil
436 2036 644 2111 desperandum
659 2037 776 2093 Teucro
789 2038 873 2108 duce,
888 2048 916 2093 et
930 2038 1045 2113 auspice
1059 2037 1176 2095 Teucro
1184 2056 1192 2108 ;

489 2113 592 2171 Certus
606 2114 683 2170 enim
696 2114 824 2190 promisit
838 2116 942 2190 Apollo

371 2193 546 2269 Ambiguum
559 2193 658 2250 tellure
672 2194 745 2250 noval
761 2193 906 2250 Salamina
920 2194 1052 2251 futuram.

488 2272 517 2329 O
531 2273 616 2329 fortes
629 2271 780 2346 pejoraque
794 2273 869 2347 passi
1239 2275 1279 2332 30

371 2349 489 2409 Mecum
504 2347 579 2427 saepe
595 2350 662 2407 viri!
685 2370 764 2408 nunc
778 2351 843 2408 vino
856 2351 952 2427 pellite
966 2370 1065 2409 curas.

490 2429 562 2489 Cras
575 2429 678 2506 ingens
691 2429 857 2488 iterabimus
871 2432 992 2506 aequor.'’

699 2750 783 2808 ODE
796 2751 867 2810 VII.

690 2884 730 2923 nn
750 2884 876 2924 cruram.

605 2983 714 3055 Luam,
728 2983 786 3055 dic,
800 3001 850 3058 per
863 3003 963 3054 omnes

407 3059 454 3121 Te
468 3062 536 3121 deos
549 3081 617 3121 oro:
639 3061 760 3136 Sybarin
775 3081 826 3120 cur
840 3081 973 3138 properas
986 3061 1109 3120 amando

603 3141 748 3198 Perderel
768 3161 820 3198 cur
834 3143 961 3217 apricum

406 3219 509 3278 Oderit
522 3239 665 3297 campum,
678 3221 790 3296 patiens
803 3221 925 3296 pulveris
939 3231 1022 3296 atque
1036 3219 1122 3278 solisl

605 3299 665 3356 Cur
678 3319 771 3374 neque
786 3300 914 3357 militaris
1255 3302 1276 3359 5

406 3376 486 3436 Inter
500 3378 621 3455 aequales
635 3379 750 3453 equitat,
765 3379 876 3436 Gallica
890 3397 944 3435 nec
957 3378 1061 3454 lupatis

602 3455 759 3534 Temperat
772 3477 822 3516 ora
836 3458 950 3515 fraenisl

406 3534 467 3594 Cur
479 3534 560 3595 timet
573 3535 675 3594 flavum
690 3537 821 3594 Tiberim
835 3538 972 3612 tangeret
993 3556 1045 3595 cur
1057 3536 1164 3595 olivum

605 3618 751 3693 Sanguine
766 3617 893 3694 viperino

406 3692 527 3753 Cautius
540 3695 629 3753 vitatl
649 3715 742 3770 neque
754 3697 813 3771 jam
828 3697 913 3754 livida
926 3706 1018 3772 gestat
1031 3693 1118 3752 armis
1239 3694 1276 3753 10

603 3774 735 3846 Brachia,
750 3773 825 3851 saepe
841 3776 931 3847 disco,

405 3851 489 3929 Septi
504 3863 582 3911 trans
596 3853 682 3910 finem
694 3854 790 3928 jaculo
804 3855 907 3912 nobilis
921 3853 1073 3930 expeditol

602 3932 682 3993 Quid
697 3934 775 4005 latet,
790 3943 821 3990 ut
834 3934 951 3990 marinae

404 4007 510 4068 Filium
525 4011 624 4069 dicunt
638 4011 772 4070 Thetidis
786 4014 839 4070 sub
853 4013 1010 4087 lacrymosa
1023 4009 1120 4086 Trojae

602 4090 726 4165 Funera,
741 4111 778 4150 ne
793 4093 881 4150 virilis

405 4167 507 4256 Cultus
521 4171 551 4228 in
566 4171 673 4228 caedem
688 4183 717 4229 et
730 4172 835 4247 Lycias
847 4171 1002 4249 proriperet
1016 4170 1164 4229 catervas}
