3084 4900
600 615 631 671 Q.
650 614 796 663 HORATII
813 615 937 664 FLACCI

435 758 480 817 Sit
493 760 594 816 modus
607 758 681 815 lasso
694 759 790 832 maris,
804 759 966 832 striarum,

592 837 777 913 Militiaeque!

433 916 518 975 Unde
532 917 555 974 si
570 917 668 974 Parcae
681 919 833 993 prohibent
846 917 961 993 iniquae,

432 996 526 1053 Dulce
539 997 643 1073 pellitis
657 998 756 1054 ovibus
769 997 874 1054 Galaesi

433 1074 566 1149 Flumen,
580 1086 609 1132 et
621 1086 739 1150 regnata
751 1085 847 1150 petam
860 1074 970 1132 Laconi

591 1154 674 1210 Rura
687 1154 835 1210 Phalanto.

432 1232 487 1290 Ille
500 1243 639 1289 terrarum
653 1232 723 1289 mihi
734 1244 837 1307 praeter
852 1251 952 1289 omnes
974 1247 983 1300 t

433 1311 569 1386 Angulus
582 1312 664 1383 ridet,
679 1312 728 1368 ubi
742 1331 801 1369 non
816 1311 952 1386 Hymetto

433 1389 522 1447 Mella
535 1391 689 1463 decedunt,
703 1391 841 1465 viridique
855 1400 945 1447 certat

590 1469 686 1527 Bacca
699 1470 826 1527 Venafro
833 1489 841 1538 3

433 1548 493 1606 Ver
507 1548 557 1605 ubi
571 1548 698 1624 longum,
712 1549 877 1624 tepidasque
890 1547 999 1624 praebet

432 1627 544 1702 Jupiter
558 1628 687 1698 brumas3
709 1639 738 1685 et
751 1628 861 1684 amicus
875 1628 973 1685 Aulon

433 1705 532 1764 Fertili
546 1706 662 1764 Baccho
676 1704 827 1766 minimirm
841 1706 971 1765 Falernis

591 1786 706 1845 Invidet
720 1788 790 1843 uvis.

433 1864 486 1923 Ille
499 1875 527 1923 te
541 1885 654 1923 mecum
669 1868 749 1925 locus
762 1877 791 1924 et
805 1866 895 1924 beatae

425 1944 580 2003 ¹Postulant
594 1965 690 2004 arces:
711 1947 750 2003 ibi
764 1957 796 2003 tu
810 1946 953 2003 calentem

432 2022 538 2082 Debita
551 2043 666 2099 sparges
679 2024 806 2098 lacryma
820 2024 944 2080 favillam

589 2102 672 2160 Vatis
686 2103 780 2159 amici.

701 2413 785 2473 ODE
799 2415 836 2474 V.

658 2555 698 2593 AD
711 2554 878 2595 POMPEIUM.

430 2654 459 2712 Ο
473 2674 554 2714 enen
569 2673 684 2713 mecum
697 2667 809 2733 tempus
822 2656 852 2714 in
867 2656 998 2714 ultimum

430 2733 573 2808 Deducte,
587 2735 676 2794 Bruto
689 2737 798 2794 militiae
812 2738 896 2810 duce,

469 2816 547 2876 Quis
560 2826 588 2872 te
602 2815 749 2871 redonavit
761 2815 908 2875 Quiritem

509 2893 564 2950 Dis
579 2893 687 2970 patriis,
702 2892 831 2966 Italoque
846 2894 928 2965 coeln,

431 2972 559 3048 Pompei,
573 2989 701 3030 meorum
716 2970 806 3044 prime
820 2970 982 3028 sodaliuml

431 3051 507 3107 Cum
520 3069 576 3125 quo
590 3060 746 3107 morantem
761 3046 837 3124 saepd
852 3049 928 3106 diem
941 3067 1021 3107 mero

470 3128 566 3204 Fregi,
581 3139 731 3189 coronatus
744 3128 868 3184 nitentes

510 3208 688 3268 Malobathro
703 3207 786 3282 Syrio
800 3207 938 3282 capillosl

430 3287 544 3346 Tecum
558 3290 703 3364 Philippos
714 3297 743 3343 et
756 3286 879 3342 celerem
894 3288 991 3362 fugam

431 3368 525 3440 Sensi,
540 3369 640 3426 relicta
653 3386 710 3424 non
725 3366 799 3422 bene
812 3365 952 3441 parmula,

469 3446 572 3508 Quum
587 3448 675 3505 fracta
689 3447 777 3502 virtus
790 3456 820 3501 et
832 3445 960 3501 minaces

509 3527 608 3604 Turpe
623 3527 714 3586 solum
727 3523 847 3600 tetigitte
861 3536 966 3582 mento.

430 3605 488 3664 Sed
502 3627 549 3665 me
562 3628 612 3683 per
626 3609 721 3666 hostes
735 3604 898 3662 Mercurius
911 3604 987 3662 celer

430 3684 529 3743 Denso
542 3700 692 3762 paventem
706 3685 820 3742 sustulit
834 3689 916 3740 aare:

469 3764 515 3821 Te
529 3784 628 3821 rursus
643 3767 671 3821 in
686 3764 793 3820 bellum
806 3764 955 3820 resorbens

508 3843 593 3900 Unda
607 3843 685 3900 fretis
699 3842 763 3899 tulit
777 3841 913 3898 aestuosis

428 3921 507 3998 Ergo
519 3923 672 3998 obligatam
686 3921 774 3978 redde
789 3918 853 3976 Jovi
868 3921 980 3995 dapem,

429 4000 585 4077 Longaque
600 4002 706 4059 sessum
720 3998 821 4056 militia
833 3997 908 4063 latus

469 4080 590 4158 Depone
604 4082 658 4138 sub
671 4081 751 4137 lauro
765 4077 844 4135 meri:
866 4097 922 4135 nec

508 4162 598 4219 Parce
613 4161 692 4218 cadis
705 4159 756 4217 tibi
771 4157 926 4216 destinatis.
