3084 4900
530 573 731 623 cnRM1NUM
747 576 813 625 LIB.
832 579 881 627 111.

405 714 528 774 Custos:
549 728 704 776 amatorem
718 729 854 779 trecente

445 794 605 855 Pirithoi‘rm
619 798 756 857 cohibent
769 811 887 858 catena.

640 1154 726 1213 ODE
739 1156 776 1215 V.

363 1276 456 1336 Omno
470 1285 617 1335 tonantem
631 1275 805 1333 credidimus
818 1274 921 1335 lovem

362 1358 515 1434 Regnare:
535 1373 660 1432 praesens
673 1355 755 1412 divus
769 1356 919 1414 habebitur

401 1438 560 1512 Augustus,
574 1435 693 1511 adjectis
708 1434 853 1493 Britannis

441 1515 575 1591 Imperio,
589 1514 779 1590 gravibusque
793 1515 895 1574 Persis.

363 1594 485 1654 Milesne
499 1594 598 1660 Crassi*
610 1594 732 1669 conjuge
747 1594 867 1652 barbara

362 1676 469 1750 Turpis
482 1674 600 1730 maritus
613 1673 697 1730 vixit!
719 1683 748 1729 et
761 1673 885 1731 hostium

404 1754 494 1832 (Proh
507 1753 597 1822 curia,
612 1751 771 1825 inversique
785 1754 907 1832 morem)

442 1831 602 1890 Consenuit
614 1848 776 1887 socerorum
789 1832 819 1888 in
834 1833 917 1903 arvis,

362 1914 423 1972 Sub
437 1931 503 1987 rege
518 1909 616 1982 Medo,
631 1907 744 1965 Marsus
758 1920 787 1965 et
800 1911 942 1987 Appulus,

361 1991 540 2052 Anciliorum
555 1999 584 2045 et
598 1987 721 2045 nominis
734 1998 763 2045 et
777 1999 850 2065 togae

400 2072 525 2142 Oblitus,
541 2080 709 2143 aeternaeque
724 2067 831 2140 Vestae,

439 2148 581 2207 Incolumi
595 2146 613 2203 J
615 2166 667 2205 ove
681 2156 710 2203 et
723 2147 794 2205 urbe
808 2149 921 2208 Roma!

359 2232 425 2290 Hoc
439 2240 552 2287 caverat
565 2246 646 2284 mens
659 2227 776 2302 provida
789 2228 907 2306 Reguli,

359 2310 562 2370 Dissentientis
576 2306 788 2363 conditionibus

396 2390 503 2463 Foedis,
518 2398 547 2445 et
559 2385 689 2462 exemplo
701 2386 825 2444 trahenti

434 2469 596 2527 Perniciem
610 2467 727 2522 veniens
741 2466 770 2521 in
785 2487 886 2541 aevum,

359 2552 391 2609 Si
405 2569 463 2607 non
475 2548 581 2624 periret
594 2545 804 2602 immiserabilis

259 2699 261 2704 Ι
358 2630 478 2705 Captiva
489 2627 588 2702 pubes.
623 2625 743 2700 “Signa
755 2642 810 2699 ego
823 2624 941 2682 Punicis

399 2707 496 2764 Affixa
510 2703 643 2773 delubris,
657 2713 687 2758 et
700 2720 778 2758 arma

437 2783 577 2841 Militibus
591 2782 653 2839 sine
666 2781 775 2852 caede,'’
787 2781 868 2855 dixit,

358 2872 376 2898 ‘⁴
389 2864 509 2940 Direpta
522 2861 597 2919 vidi:
619 2861 675 2918 vidi
690 2880 744 2936 ego
759 2861 864 2918 civium

357 2948 478 3004 Retorta
491 2954 571 3018 tergo
585 2941 701 3017 brachia
714 2941 814 3013 libero,

396 3026 551 3098 Portasqne
564 3040 623 3078 non
637 3022 758 3093 clausas,
773 3032 803 3078 et
816 3040 883 3079 arra

435 3102 530 3160 Marte
543 3101 598 3158 coli
611 3100 744 3177 populata
758 3109 862 3158 nostro.

355 3185 436 3241 Auro
450 3200 587 3258 repensus
600 3181 710 3237 scilicet
724 3181 816 3238 acrior

354 3262 441 3320 Miles
454 3260 575 3319 redibitl
609 3258 732 3335 Flagitio
746 3259 850 3317 additis

393 3342 547 3399 Damnum.
579 3337 681 3414 Neque
696 3338 814 3396 amissos
827 3337 937 3398 colores

433 3420 514 3477 Lana
527 3418 612 3476 refert
626 3419 768 3475 medicata
782 3418 862 3486 ruem

354 3500 419 3558 Nec
432 3518 499 3555 vera
512 3499 609 3567 virtus,
623 3515 711 3570 quum
725 3497 814 3553 semel
828 3496 945 3601 excidit}

353 3580 444 3638 Curat
456 3576 554 3651 reponi
568 3575 762 3631 deterioribus.

393 3659 425 3715 Si
439 3665 548 3731 pugnat
558 3653 696 3710 extricata
710 3652 807 3709 densis

431 3735 524 3792 Cerva
537 3732 643 3809 plagis;
665 3732 719 3790 erit
729 3732 777 3789 ille
791 3730 879 3804 sortis,

272 3846 275 3852 ,
352 3816 415 3879 Qui
429 3814 544 3890 perfidis
558 3832 588 3870 se
603 3812 725 3870 credidit
739 3812 883 3884 hostibus;

354 3895 393 3953 Et
407 3893 500 3952 Marte
511 3894 615 3950 Poenos
627 3904 751 3968 proteret
765 3893 864 3965 altero,

391 3975 454 4036 Qui
469 3975 528 4031 lora
541 3973 677 4031 restrictis
690 3972 805 4030 lacertis

441 4053 536 4111 Sensit
551 4054 636 4125 iners,
650 4052 800 4127 timuitque
814 4061 942 4110 mortem.

251 4162 254 4168 ·
354 4132 422 4207 Hie,
438 4134 514 4190 unde
528 4133 614 4190 vitam
628 4142 752 4189 sumeret
765 4131 884 4204 inscius,
