3084 4900
605 622 636 680 Q.
654 620 801 671 HORATII
818 621 943 672 uuacct

434 767 537 831 Quum
549 767 722 845 promineret
735 784 794 839 ore,
808 762 948 842 quantum
961 773 1076 823 exstant
1089 762 1164 841 aqut
1228 764 1271 825 35

531 895 533 905 ,
595 847 741 922 Suspenso
754 856 852 903 mento
866 864 999 921 corpora:

435 926 546 985 Exusta
558 923 601 983 uti
615 925 740 982 medulla
753 935 783 982 et
796 925 907 982 aridum
918 924 1000 1000 jecur

594 1004 710 1061 Amoris
724 1014 800 1060 esset
813 1003 957 1079 poculum,

435 1084 624 1144 Interminato
637 1101 725 1158 quum
739 1082 827 1138 semel
841 1082 905 1138 lixae
919 1081 984 1139 cibo

594 1161 789 1220 Intabuissent
802 1180 833 1236 p,
860 1179 880 1233 u
894 1179 925 1217 ar.
972 1159 978 1176 ’

434 1241 504 1301 Nou
517 1241 641 1299 defuisse
656 1240 790 1297 masculae
803 1238 824 1296 li
846 1239 932 1297 rdiuis

594 1319 808 1376 Ariminensem
823 1318 944 1392 Foliam,

435 1399 475 1458 Et
486 1399 577 1460 otiosa
590 1399 711 1455 credidit
724 1397 870 1473 Neapolis,

594 1475 632 1535 Et
645 1496 731 1535 omne
745 1477 872 1534 vicinum
883 1476 1028 1553 oppidum,

435 1558 513 1622 Quae
527 1557 630 1629 sidera,
645 1567 798 1614 excantata
810 1575 880 1613 voce
894 1555 1048 1630 Thessala,

595 1636 764 1712 Lunamque
778 1637 852 1693 coelo
865 1636 975 1712 deripit.

437 1716 497 1777 Hic
510 1716 678 1785 irresectum
693 1735 767 1773 saeva
782 1716 867 1773 dente
881 1715 968 1772 livido

595 1795 718 1854 Canidia
732 1797 837 1853 rodens
850 1795 992 1871 pollicem,

436 1875 519 1941 Quid
533 1875 623 1933 dixitl
644 1885 693 1932 aut
707 1876 775 1950 quid
789 1875 901 1933 tacuitt
923 1879 941 1905 “
951 1874 980 1933 Ο
993 1873 1079 1932 rebus
1092 1872 1164 1931 meis

595 1953 663 2012 Non
678 1954 808 2011 infideles
822 1954 944 2026 arbitrae,

437 2031 506 2093 Nox
518 2044 548 2091 et
560 2031 656 2090 Diana
668 2051 732 2108 quae
746 2033 890 2089 silentium
904 2033 990 2108 regis,

596 2111 714 2169 Arcana
727 2130 815 2186 quum
829 2111 902 2168 liunt
915 2129 1016 2181 sacra;

439 2190 538 2265 Nunc,
552 2209 631 2249 nunc
646 2190 759 2259 adeste;
781 2190 905 2246 nuncin
920 2190 1037 2247 hostiles
1050 2189 1150 2249 domos

596 2269 672 2327 Iram
686 2278 770 2345 atque
785 2287 893 2325 numen
907 2269 1017 2327 vertite.
1032 2324 1034 2327 .

437 2348 641 2409 Formidolosae
656 2349 724 2405 dum
737 2348 827 2406 latent
841 2348 918 2405 silvis
932 2348 1009 2422 ferae,

596 2427 683 2486 Dulci
698 2446 797 2505 sopore
811 2426 964 2505 languidae,

439 2510 555 2583 Senem,
569 2509 645 2585 quod
659 2528 759 2568 omnes
773 2508 895 2581 rideant,
910 2508 1071 2567 adulterum

596 2587 715 2647 Latrent
728 2588 888 2646 Suburanae
902 2607 1000 2661 canes,

437 2667 469 2727 N
470 2670 539 2728 ardo
552 2680 733 2745 perunctum,
747 2669 831 2744 quale
845 2687 902 2725 non
916 2667 1072 2744 perfectius

597 2746 672 2806 Meae
686 2748 841 2806 laborarint
855 2767 965 2806 manus.

437 2826 520 2890 Quid
534 2828 659 2885 acciditl
680 2846 731 2884 cur
745 2828 807 2884 dira
821 2827 948 2884 barbarae
961 2822 1059 2884 minbs

596 2906 719 2964 Venena
732 2905 846 2962 Medeae
861 2906 965 2978 valent,

437 2984 554 3048 Quibus
568 2985 718 3060 superbam
732 2984 805 3058 fugit
818 2982 877 3040 ulta
890 2983 1032 3058 pellicem,

596 3062 697 3138 Magni
712 3061 845 3119 Creontis
858 3062 955 3134 liliam,

437 3142 539 3206 Quum
553 3141 636 3218 palla,
651 3142 717 3199 tabo
732 3160 837 3197 munus
851 3141 1002 3214 imbutum,
1016 3158 1121 3200 novam

596 3219 737 3278 Incendio
750 3231 868 3295 nuptam
883 3219 1018 3277 abstulitl

332 3343 334 3348 .
438 3300 527 3377 Atqui
541 3318 596 3357 nec
611 3300 698 3357 herba
712 3317 766 3356 nec
777 3301 869 3356 latens
884 3299 913 3357 in
925 3299 1033 3375 asperis
1116 3324 1120 3332 ·

596 3378 694 3436 Radix
708 3378 806 3435 fefellit
819 3397 865 3435 me
879 3378 959 3436 locis.

439 3458 580 3518 Indormit
592 3459 688 3516 unctis
702 3459 831 3516 omnium
845 3458 988 3517 cubilibus

597 3537 747 3598 Oblivione
761 3538 906 3614 pellicum.

438 3617 504 3676 Ahl
526 3619 579 3676 ahl
595 3618 703 3676 solutus
717 3618 843 3676 ambulat
857 3617 992 3676 veneficas

598 3698 765 3756 Scientioris
779 3697 916 3755 carmine.

438 3772 509 3835 Non
522 3774 642 3848 usitatis,
656 3777 743 3847 Vara,
757 3776 929 3852 potionibus,

599 3854 627 3911 Ο
641 3856 731 3913 multa
744 3853 877 3912 fleturum
892 3853 991 3928 caput!

438 3935 488 3994 Ad
501 3953 548 3994 me
560 3952 706 4004 recurres3
727 3952 783 3990 nec
797 3941 897 3990 vocata
909 3950 993 3990 meus
1005 3942 1055 3990 tua

597 4011 701 4070 Marsis
714 4012 819 4069 redibit
831 4011 957 4069 vocibus

439 4090 535 4171 lllajus
548 4092 663 4170 parabo,
678 4091 770 4167 majus
784 4090 934 4149 infundam
947 4087 1000 4150 tibi

599 4171 768 4229 Fastidienti
782 4169 927 4249 poculum.
