3084 4900
456 938 505 1031 Q.
544 936 829 1013 HORATll
873 932 1119 1010 FLACCI

572 1200 1005 1270 EPISTULARUM

651 1435 757 1485 urana
782 1435 927 1486 smnus.
1004 1396 1007 1400 ⁵

662 1890 866 1950 EPISTOLA
887 1890 911 1948 Ι.

653 2028 693 2066 ΑΙ)
707 2028 915 2068 ΜΕΟΕΝΔΤΕΜ.

333 2128 435 2188 Pamin
448 2129 524 2189 dicte
538 2129 618 2202 mihi,
632 2128 744 2185 summai
758 2130 880 2187 dicende
895 2128 1045 2203 Camoend,

333 2210 499 2285 Spectatum
512 2206 591 2282 satis,
605 2219 634 2265 et
646 2207 783 2264 donatum
794 2207 854 2284 jam
867 2208 948 2279 rude,
961 2209 1072 2283 quaeris,

333 2286 488 2360 Maecenas,
503 2288 605 2346 iterum
621 2286 736 2361 antiquo
749 2306 796 2343 me
810 2287 956 2344 includere
970 2288 1046 2345 ludo.

332 2365 402 2423 Non
416 2368 516 2425 eadem
527 2377 571 2424 est
584 2377 661 2439 aetas,
676 2385 734 2423 non
748 2386 839 2423 mens
879 2366 1027 2443 Vejanius,
1042 2365 1127 2425 armis

333 2444 468 2504 Herculis
483 2448 519 2505 ad
533 2457 641 2523 postem
655 2445 728 2519 fixis,
742 2445 811 2504 latet
824 2445 937 2504 abditus
951 2465 1018 2522 agro
1262 2448 1285 2508 5

332 2523 379 2582 Ne
393 2526 528 2602 populum
542 2525 671 2584 extrema
684 2527 768 2584 toties
782 2536 878 2584 exoret
892 2527 986 2583 arenti.

332 2603 385 2663 Est
399 2606 468 2662 mihi
482 2617 629 2682 purgatam
644 2604 745 2663 crebrb
759 2607 808 2680 qui
821 2616 955 2681 personet
969 2623 1083 2663 aurem:

333 2684 445 2741 “Solve
460 2696 656 2743 senescentem
670 2683 781 2743 mature
796 2703 882 2741 sanus
895 2704 1010 2760 equum,
1025 2702 1062 2740 ne

332 2761 440 2821 Peccet
454 2765 489 2820 ad
503 2775 663 2823 extremum
676 2764 823 2835 ridendus,
837 2774 866 2820 et
879 2763 928 2820 ilia
941 2764 1054 2820 ducat.’¹

332 2840 362 2898 N
365 2861 422 2898 unc
436 2843 529 2917 itaque
543 2855 572 2901 et
585 2861 682 2900 versus
696 2853 725 2899 et
738 2853 841 2899 caetera
855 2842 966 2898 ludicra
979 2861 1071 2917 ponc:
1245 2843 1284 2901 10

331 2921 413 2982 Quid
434 2941 531 2979 verum
554 2933 637 2997 atque
658 2921 764 2978 decens
785 2938 854 2977 curo
875 2930 904 2977 et
924 2939 1002 2996 rogo,
1015 2931 1045 2978 et
1061 2920 1155 2980 omnis
1174 2919 1205 2978 in
1225 2920 1284 2980 hcc

411 3019 491 3057 sum:

331 3077 433 3136 Condc
446 3089 475 3136 et
488 3097 627 3153 compono
637 3096 699 3152 quae
713 3096 779 3134 mox
792 3078 957 3153 depromere
970 3076 1083 3153 possim.

331 3157 388 3228 Ac,
402 3176 438 3213 ne
453 3154 524 3214 forte
538 3175 620 3231 roges
633 3176 689 3231 quc
702 3175 748 3212 me
762 3156 846 3228 duce,
859 3175 915 3230 quo
928 3156 987 3213 lare
1000 3167 1093 3214 tuter:

330 3234 446 3291 Nullius
461 3234 591 3291 addictus
602 3235 697 3311 jurare
711 3235 740 3291 in
751 3235 837 3290 verba
850 3234 987 3311 magistri,

329 3311 400 3373 Qud
415 3332 460 3370 me
474 3331 587 3387 cunque
601 3314 674 3390 rapit
686 3324 848 3389 tempestas,
863 3314 973 3372 deferor
986 3315 1097 3389 hospes.
1244 3316 1283 3374 15

331 3391 421 3448 Nunc
436 3393 517 3468 agilis
531 3392 577 3464 fio,
592 3403 621 3450 et
634 3411 740 3450 mersor
754 3393 885 3450 civilibus
898 3394 993 3467 undis,

331 3470 451 3527 Virtutis
466 3491 537 3529 rerae
552 3484 658 3544 custos,
672 3472 835 3548 rigidusque
850 3473 977 3530 satelles:

330 3547 420 3607 Nunc
434 3551 464 3608 in
478 3551 616 3627 Aristippi
631 3551 725 3609 furtim
741 3563 883 3627 praecepta
896 3551 1016 3624 relabor,
1075 3555 1077 3560 ’

331 3627 369 3686 Et
382 3629 453 3687 mihi
465 3649 520 3703 res,
534 3649 592 3687 non
606 3649 652 3687 me
666 3631 750 3687 rebus
764 3631 929 3688 submittere
943 3649 1038 3688 conor.

334 3707 370 3765 Ut
383 3727 440 3766 nox
452 3708 539 3784 longa
551 3709 653 3783 quibus
667 3709 757 3766 somni
771 3729 836 3785 pars
850 3709 936 3780 nulla,
951 3710 1068 3783 diesque
1240 3709 1282 3769 20

331 3785 432 3863 Longa
445 3788 554 3845 videtur
567 3806 638 3862 opus
653 3787 823 3845 debentibus
835 3807 841 3856 ;
863 3799 895 3844 ut
907 3787 987 3863 piger
1001 3806 1094 3845 annus

332 3864 449 3941 Pupillis
463 3885 532 3940 quos
546 3866 617 3922 dura
629 3866 732 3940 premit
746 3866 875 3923 custodia
888 3877 1026 3923 matrum:

333 3945 383 4001 Sic
397 3945 466 4001 mihi
480 3945 560 4002 tarda
574 3943 665 4000 fluunt
679 3945 844 4019 ingrataque
858 3959 994 4020 tempora,
1008 3964 1071 4019 quae
1085 3963 1164 4022 spem

332 4022 548 4098 Consiliumque
562 4033 706 4080 morantur
721 4024 825 4098 agendi
839 4025 966 4098 gnaviter
981 4025 1009 4081 id
1020 4025 1095 4098 quod

333 4099 428 4177 AEqud
443 4102 614 4179 pauperibus
627 4102 751 4178 prodest,
765 4102 953 4179 locupletibus
967 4100 1059 4178 aeque,
1240 4103 1283 4164 25
