3084 4900
608 564 639 620 Q.
657 562 803 613 HORATH
820 562 944 613 FLACCI

475 706 614 765 Narratur
627 715 656 763 et
668 705 755 782 prisci
769 704 887 763 Catonis

515 782 599 861 Saepe
614 803 692 843 mero
705 784 827 841 caluisse
841 784 937 842 virtus.

437 864 487 922 Tu
501 865 566 921 lene
580 873 751 921 tormentum
766 863 882 938 ingenio
896 863 1029 921 admoves

435 940 607 1018 Plerumque
621 943 706 1000 duro:
726 953 758 999 tu
772 941 943 1016 sapientium

476 1021 568 1079 Cures
581 1031 610 1078 et
623 1039 760 1077 areanum
771 1020 870 1093 joooso

516 1100 676 1157 Consilium
689 1097 794 1172 retegis
808 1097 914 1172 Lyaeo:

438 1178 487 1236 Tu
502 1197 581 1253 spem
595 1177 709 1233 reducis
722 1176 866 1233 mentibus
879 1175 972 1232 anxiis

437 1257 593 1330 Viresque3
614 1265 643 1311 et
656 1255 737 1312 addis
751 1272 859 1311 cornua
872 1253 999 1329 pauperi,

476 1335 544 1391 Post
557 1344 585 1391 te
599 1351 691 1408 neque
705 1334 791 1391 iratos
801 1333 935 1390 trementi
1159 1399 1165 1406 ,

515 1413 632 1487 Regum
647 1412 751 1487 apices,
766 1430 859 1486 neque
873 1412 994 1469 militum
1009 1428 1098 1473 arma.

437 1490 484 1548 Te
498 1490 594 1563 Liber,
608 1502 647 1563 et,
661 1491 685 1548 si
699 1491 763 1548 laeta
777 1491 877 1561 aderit,
892 1491 1009 1563 Venus‚j

438 1571 604 1645 Segnesque
617 1570 723 1627 nodum
738 1570 846 1627 solvere
859 1569 975 1642 Gratiae,

477 1648 613 1724 Vivaeque
626 1651 786 1724 producent
799 1649 932 1719 lucernae,

517 1725 595 1784 Dum
609 1728 723 1786 rediens
737 1729 817 1805 sugat
830 1738 905 1786 astra
917 1727 1051 1786 Phoebus

686 2038 770 2096 ODE
791 2039 874 2097 XVI.

685 2175 725 2213 AD
739 2175 868 2216 DIANAM.

439 2278 592 2337 Mourruu
605 2286 700 2333 eustos
718 2294 933 2350 nemorumque,
947 2275 1036 2352 virgo,

361 2406 369 2419 s
438 2358 515 2419 Quae
528 2355 688 2413 laborantes
702 2365 783 2410 utero
797 2354 905 2428 puellas

439 2436 500 2496 Ter
513 2445 612 2493 vocata
625 2434 717 2505 audis,
731 2433 888 2509 adimisque
901 2433 969 2508 leto,

636 2514 710 2571 Diva
723 2513 873 2583 triformis;

440 2593 599 2653 Imminens
612 2594 685 2651 villae
699 2604 748 2650 tua
760 2593 846 2668 pinus
859 2603 929 2665 esto,

438 2676 536 2737 Quam
550 2694 600 2751 per
614 2685 728 2731 exactos
741 2692 796 2749 ego
809 2673 890 2730 laetus
904 2691 995 2730 annos

374 2761 376 2766 ’
440 2754 539 2812 Verris
551 2753 697 2828 obliquum
711 2753 875 2811 meditantis
889 2752 977 2809 ictum

639 2831 787 2907 Sanguine
801 2832 914 2887 donem.

1075 2890 1124 3052 lt

678 3135 762 3194 ODE
782 3135 885 3194 XVII.

670 3275 710 3314 au
724 3242 888 3313 rummare.

441 3377 535 3436 Cmuo
549 3375 664 3452 supinas
678 3374 702 3432 si
715 3372 814 3431 tuleris
828 3392 929 3431 manus

441 3457 471 3514 N
474 3468 589 3514 ascente
603 3455 696 3527 Luna,
710 3453 817 3511 rustica
829 3451 960 3529 Phidyle,

482 3537 513 3594 Si
528 3538 610 3594 thure
623 3534 746 3612 placaris
760 3542 789 3589 et
803 3532 894 3590 horrui

521 3615 616 3691 Fruge
630 3615 727 3687 Lares,
742 3611 880 3687 avidaque
894 3610 994 3689 porod3

441 3695 472 3753 N
473 3715 507 3753 ee
520 3695 699 3772 pestilentem
713 3692 818 3750 sentiet
830 3691 962 3749 Africum

444 3773 593 3832 Foeounda
607 3773 680 3844 vitis,
695 3791 750 3829 nee
764 3769 888 3826 sterilem
902 3788 985 3844 seges

481 3852 668 3926 Rubiginem,
682 3860 731 3905 aut
745 3848 844 3905 dulces
858 3847 965 3904 alumni

521 3929 662 3988 Pomilero
675 3946 759 4002 grave
774 3938 886 4002 tempus
900 3945 985 3988 anne.

443 4008 530 4082 Nam,
544 4028 606 4084 quae
621 4007 705 4065 nivali
720 4005 844 4083 pascitur
859 4005 966 4081 Algido

446 4088 552 4146 Devota
565 4105 686 4164 quereus
700 4086 773 4143 iuter
786 4097 816 4144 et
829 4085 920 4158 ilices,
