3084 4900
605 621 636 676 Q.
653 619 800 669 HORATII
817 619 942 668 FLACCI

435 760 645 838 Thessalosque
660 763 742 839 ignes
755 773 785 820 et
799 762 896 839 iniqua
909 758 1005 839 Trojae

594 842 695 900 Castra
709 843 817 900 fefellit.

347 933 350 938 ’
435 919 484 978 Tu
497 920 559 997 pius
572 921 644 979 laetis
659 922 768 979 animas
781 921 896 998 reponis

436 1000 569 1073 Sedibus,
583 1002 717 1076 virgisque
731 1001 823 1057 levem
838 1004 956 1058 coerces

434 1078 534 1137 Aurei
547 1080 669 1151 turbam,
684 1079 794 1154 superis
808 1079 927 1135 deorum

591 1158 697 1216 Gratus
710 1169 739 1217 et
753 1157 826 1215 imis.

697 1469 782 1527 ODE
795 1468 835 1529 X.

642 1609 682 1647 sn
703 1590 894 1648 nnucorroiirr.

354 1709 455 1769 Tune
470 1709 624 1785 quaesieris,
639 1710 712 1768 scire
726 1710 816 1776 nefas,
830 1729 913 1785 quem
928 1709 1008 1782 mihi,
1022 1728 1107 1785 quem
1120 1708 1172 1767 tibi

353 1788 457 1847 Finem
471 1788 501 1846 di
515 1790 655 1863 dederint,
669 1790 842 1859 Leucono'e';
864 1809 919 1847 nec
934 1788 1105 1865 Babylonios

354 1866 491 1927 Tentdris
504 1888 646 1927 numeros.
687 1870 725 1928 Ut
740 1868 852 1941 meliriS,
866 1870 1002 1944 quidquid
1016 1868 1078 1941 erit,
1093 1866 1165 1945 petil

339 1937 342 1963 ¹
355 1946 414 2005 Seu
427 1948 522 2023 plures
537 1950 655 2020 hiemes,
670 1969 721 2006 seu
734 1949 832 2006 tribuit
846 1948 957 2023 Jupiter
972 1948 1111 2020 ultimam,

353 2025 430 2087 Quae
445 2045 523 2083 nunc
536 2028 671 2101 oppositis
686 2028 814 2083 debilitat
825 2028 985 2101 pumicibus
999 2045 1077 2083 mare
1244 2027 1265 2084 5

354 2102 547 2179 Tyrrhenum.
590 2106 699 2179 Sepias,
714 2106 780 2161 vina
793 2105 893 2179 liqueS,
907 2114 936 2161 et
950 2105 1040 2179 spatio
1055 2104 1132 2161 brevi

355 2184 442 2258 Spem
457 2184 571 2258 longam
585 2202 705 2240 reseces.
747 2183 826 2240 Dum
840 2183 990 2257 loquimur,
1005 2183 1109 2258 sugerit
1124 2182 1220 2240 invida

354 2262 445 2321 AEtus.
487 2262 580 2339 Carpe
595 2262 681 2335 diem,
695 2260 782 2338 qurlm
795 2259 947 2319 minimirm
961 2262 1078 2319 credula
1089 2273 1210 2339 postero.
1223 2237 1279 2351 ij>

1221 2351 1245 2393 ,p

687 2576 771 2635 ODE
792 2577 847 2637 XI.

655 2716 693 2756 ΑΓ,
709 2717 881 2758 AUGUSTUM.

428 2817 526 2880 Qonm
540 2817 630 2874 virum
645 2825 693 2872 aut
707 2816 793 2871 heroa
806 2816 868 2889 lyrd
881 2818 925 2874 vel
939 2818 998 2876 acri

403 2960 407 2963 ,
430 2897 518 2954 'l'ibiai
532 2895 620 2952 sumis
634 2893 787 2963 celebrare,
802 2894 888 2952 Cliol

428 2975 527 3037 Quem
542 2976 637 3044 deum,
652 2972 733 3048 cujus
748 2971 857 3029 recinet
868 2973 966 3048 jocosa

587 3050 701 3109 Nomen
716 3051 821 3126 imago,

429 3133 491 3192 Aut
504 3132 534 3189 in
548 3131 688 3188 umbrosis
702 3130 852 3187 Heliconis
866 3129 933 3201 oriS,

429 3214 491 3270 Aut
504 3230 588 3286 super
602 3210 703 3282 Pindo,
718 3209 847 3285 gelidove
861 3209 891 3266 in
905 3209 1020 3283 Haemo,

428 3291 513 3350 Unde
527 3290 653 3348 vocalem
667 3287 775 3347 temere
790 3289 927 3347 insecutae

586 3369 703 3444 Orphea
717 3369 804 3440 silvae,

428 3450 500 3507 Arte
514 3449 643 3506 materni
656 3449 768 3524 rapidos
782 3457 938 3505 morantem

428 3529 594 3587 Fluminum
608 3529 713 3604 lapsus,
729 3527 891 3601 celeresque
903 3538 1012 3601 ventos,

429 3609 570 3667 Blandum
585 3619 613 3665 et
627 3609 731 3665 auritas
745 3607 849 3664 fidibus
862 3609 975 3666 canoris

588 3688 702 3744 Ducere
717 3688 858 3760 quercusl

428 3765 510 3828 Quid
524 3763 603 3842 pribs
617 3767 710 3823 dicam
725 3766 814 3822 solitis
828 3765 958 3822 Parentis

430 3846 586 3916 Laudibus,
597 3846 644 3923 qui
659 3865 703 3901 res
718 3846 865 3902 hominum
879 3864 913 3901 ac
927 3846 1056 3916 deorum,

428 3925 491 3987 Qui
505 3943 583 3982 mare
598 3944 632 3981 ac
646 3937 745 3994 terrae,
759 3924 898 3998 variisque
912 3924 1052 3980 mundum

587 4003 743 4079 Temperat
757 4003 853 4060 horisl

430 4083 514 4141 Unde
528 4083 568 4140 nil
583 4083 674 4159 majus
694 4094 846 4158 generatur
861 4083 930 4157 ipso,

430 4162 496 4220 Nec
510 4163 585 4260 viffirt
598 4163 752 4238 quidquam
767 4161 859 4219 simile
873 4174 922 4219 aut
936 4161 1112 4221 secundum.
