3084 4900
538 624 739 676 CARMINUM
757 627 824 676 LIB.
842 627 864 676 Ι.

362 769 475 828 Imbelli
489 769 598 827 citharis
612 770 739 827 carmina
752 770 879 841 divides3

519 849 721 924 Nequidquam
735 850 859 906 thalamo
873 867 973 925 graves

362 929 479 1001 Hastas,
493 937 522 985 et
536 929 638 985 calami
653 927 763 1002 spicula
776 928 888 1001 Gnosii,

360 1008 482 1080 vitabis,
498 1008 711 1083 strepitumque,
726 1018 754 1065 et
768 1007 891 1064 celerem
906 1007 985 1081 sequi

361 1087 499 1164 Ajacem:
520 1096 626 1158 tamen,
641 1086 697 1142 heu
711 1086 807 1143 serus!
830 1087 971 1144 adulteros

518 1166 621 1223 Crines
634 1165 748 1241 pulvere
762 1165 925 1254 collines.k

361 1243 428 1302 Non
443 1244 627 1315 Laertiaden,
641 1245 758 1301 exitium
772 1255 829 1301 tuae

358 1324 470 1396 Gentis,
484 1344 542 1381 non
557 1324 669 1399 Pylium
683 1324 806 1382 Nestora
819 1322 957 1400 respicis‘l

358 1403 469 1479 Urgent
482 1403 615 1478 impavidi
629 1413 656 1459 te
673 1403 847 1460 Salaminius

517 1482 643 1554 Teucer,
657 1491 686 1539 te
701 1482 854 1540 Sthenelus
867 1480 962 1539 sciens

359 1560 478 1639 Pugnae,
492 1561 550 1617 sive
564 1581 635 1636 opus
648 1573 692 1618 est
705 1562 867 1636 imperitare
880 1560 970 1635 equis,

357 1639 425 1698 Non
440 1640 538 1715 auriga
551 1640 639 1715 piger.
680 1640 831 1697 Merionen
845 1658 956 1714 quoque

358 1717 477 1779 Nosces.
512 1718 591 1775 Ecce
605 1719 672 1777 furit
684 1730 712 1775 te
727 1719 849 1794 reperire
864 1730 944 1776 atrox

516 1796 656 1871 Tydides,
670 1798 769 1855 melior
784 1807 881 1872 patre:

356 1876 455 1939 Quem
469 1884 511 1948 tu,
525 1895 624 1932 cervus
638 1873 679 1932 uti
694 1875 774 1932 vallis
787 1877 817 1931 in
832 1874 920 1932 alteria

357 1956 459 2013 Visum
473 1964 552 2030 parte
565 1955 663 2030 lupum
678 1954 815 2030 graminis
829 1954 987 2026 immemor,

360 2034 481 2091 Sublimi
496 2034 586 2108 fugies
600 2034 692 2091 mollis
706 2033 843 2105 anhelitu,

514 2113 582 2170 Non
596 2114 650 2169 hoc
664 2113 806 2188 pollicitus
819 2124 885 2170 tuae.

357 2190 500 2249 Iracunda
514 2193 589 2250 diem
603 2194 726 2268 proferet
740 2192 796 2249 Ilio

357 2270 550 2349 Matronisque
565 2272 709 2348 Phrygum
724 2271 822 2329 classis
836 2270 980 2329 Achillei:

358 2350 425 2408 Post
439 2362 530 2416 certas
544 2352 652 2408 hiemes
667 2361 729 2408 uret
743 2351 874 2408 Achalus

512 2421 596 2508 Ignis
610 2430 783 2508 Pergameas
796 2428 924 2489 domos.”
999 2515 1013 2562 s

603 2741 687 2799 ODE
708 2742 792 2802 XIV.

608 2879 780 2920 PALINODIA.

356 2979 385 3036 0
398 2997 502 3035 nnana
516 2979 637 3055 pulchra
650 2979 709 3037 filia
721 2981 876 3057 pulchrior,

353 3057 452 3121 Quem
467 3059 626 3116 criminosis
640 3078 753 3133 cunque
768 3061 844 3118 voles
858 3062 975 3119 modum

431 3137 525 3194 Penes
539 3138 655 3206 iambis3
678 3140 735 3195 sive
750 3138 875 3212 flammai,

522 3217 588 3274 Sive
602 3217 674 3274 mari
687 3218 756 3274 libet
769 3219 928 3276 Hadriano.

353 3294 421 3352 Non
435 3293 629 3370 Dindymene,
644 3315 701 3352 non
713 3297 805 3371 adytis
818 3298 908 3371 quatit

353 3373 483 3433 Mentem
497 3376 675 3432 sacerdotum
689 3376 784 3433 incola
797 3375 926 3451 Pythius,

433 3453 501 3510 Non
516 3452 706 3528 Liberaeque,
721 3474 780 3512 non
795 3466 879 3512 acuta

510 3533 560 3589 Sic
574 3534 722 3608 geminant
736 3534 913 3608 Corybantes
927 3551 994 3607 aera,

351 3609 463 3668 Tristes
474 3620 506 3668 ut
518 3611 584 3668 irae:
606 3630 676 3685 quas
690 3630 783 3685 neque
797 3611 922 3668 Noricus

351 3688 484 3748 Deterret
497 3691 583 3762 ensis,
597 3708 653 3746 nec
666 3708 743 3746 mare
757 3690 937 3766 naufragum,

429 3767 495 3827 Nec
509 3788 599 3826 saevus
613 3769 697 3844 ignis
712 3788 767 3826 nec
781 3771 929 3829 tremendo

509 3848 619 3924 Jupiter
634 3849 693 3924 ipse
708 3868 794 3906 ruens
807 3850 939 3909 tumultu.

350 3925 452 3983 Fertur
466 3925 653 3985 Prometheus
667 3929 771 3986 addere
785 3927 907 4005 principi

349 4005 433 4064 Lirno
447 4016 563 4063 coactus
576 4008 743 4083 particulam
757 4008 884 4084 undique

428 4084 591 4159 Desectam,
606 4097 635 4143 et
649 4084 742 4144 insani
756 4087 847 4144 leonis

508 4165 575 4222 Vim
589 4167 736 4223 stomacho
750 4166 912 4241 apposuisse
926 4176 1031 4228 nostro.

696 4356 729 4435 χχι

1149 4095 1184 4150 15
