3084 4900
526 598 728 649 CARMINUM
745 600 812 649 LIB.
829 601 865 649 Il.

614 821 698 879 ODE
719 822 777 880 IIl.

595 957 635 995 An
649 958 796 997 DELLIUM.

358 1058 483 1121 AEourn
496 1068 640 1115 memento
653 1058 738 1115 rebus
752 1057 783 1114 in
797 1058 894 1115 arduis

357 1140 475 1195 Servare
489 1147 625 1209 mentem,
639 1157 697 1194 non
711 1134 797 1196 sociis
810 1139 841 1195 in
856 1137 938 1197 bonis

395 1218 443 1284 Ab
456 1216 589 1274 insolenti
603 1228 796 1295 temperatam

434 1295 556 1369 Laetitit,
571 1297 705 1375 moriture
720 1295 807 1369 Delli,

356 1377 415 1433 Seu
430 1386 547 1432 moestus
559 1376 637 1433 omni
651 1387 778 1452 tempore
792 1375 905 1448 vixeris,

355 1457 414 1512 Seu
427 1465 456 1511 te
470 1456 500 1512 in
513 1466 621 1513 remoto
633 1456 763 1531 gramine
776 1475 827 1531 per
840 1455 902 1513 dies

394 1534 496 1592 Festos
508 1534 677 1592 reclinatum
691 1535 787 1592 bearis

435 1612 573 1683 Interiore
588 1614 656 1671 nota
669 1613 796 1685 Falerni,

355 1692 426 1753 Qua
439 1692 524 1767 pinus
538 1693 641 1768 ingens
654 1694 773 1767 albaque
787 1692 908 1767 populus

355 1770 492 1828 Umbram
507 1772 673 1845 hospitalem
687 1772 852 1829 consociare
866 1781 963 1828 amant

396 1847 509 1921 Remis,
523 1849 579 1923 qua
593 1859 622 1905 et
636 1850 748 1923 obliquo
761 1849 870 1905 laborat

446 1927 577 2003 Lympha
590 1928 677 2003 fugax
690 1927 831 2004 trepidare
844 1928 912 1985 rivo.

357 2007 427 2065 Huc
441 2007 516 2078 vina,
530 2017 559 2063 et
572 2017 729 2083 unguenta,
743 2018 772 2065 et
786 2004 910 2072 nimium
922 2005 1013 2065 brevis

356 2087 456 2146 Flores
470 2106 596 2144 amoenos
611 2088 683 2144 serre
694 2088 764 2164 jube
778 2105 858 2158 rosae,

396 2165 473 2223 Dum
487 2185 542 2238 res,
556 2178 585 2224 et
599 2178 676 2238 aetas,
691 2177 720 2225 et
734 2168 869 2225 Sororum

435 2245 499 2303 Fila
512 2247 597 2303 trium
610 2248 756 2322 patiuntur
771 2259 839 2304 atra.

354 2325 449 2388 Cedes
463 2326 602 2401 coemptis
616 2327 743 2397 saltibus,
757 2337 787 2383 et
801 2327 894 2397 domo,

353 2404 485 2480 Villrlque
499 2404 587 2462 flavus
600 2425 686 2481 quam
699 2404 816 2463 Tiberis
829 2404 914 2463 lavit:

390 2484 506 2553 Cetles3
527 2496 557 2542 et
569 2485 720 2542 exstructis
734 2486 763 2541 in
777 2485 866 2541 altum

433 2563 548 2620 Divitiis
560 2564 683 2638 potietur
696 2565 796 2620 haeres.

354 2641 490 2712 Divesne‚
504 2640 599 2715 priseo
613 2651 697 2697 natus
711 2641 747 2696 ab
761 2639 881 2710 Inacho,

355 2719 406 2777 Nil
420 2720 547 2789 interest,
562 2737 599 2774 an
614 2736 730 2793 pauper,
745 2728 774 2774 et
787 2717 886 2774 infimi

395 2796 441 2854 De
454 2807 550 2872 gente,
564 2797 618 2853 sub
631 2797 696 2855 divo
709 2798 837 2869 moreris,

437 2876 562 2934 Victima
575 2876 615 2933 nil
630 2877 790 2935 miserantis
804 2876 884 2935 Oroi.

355 2954 466 3013 Omnes
480 2953 583 3013 eodem
596 2957 741 3033 cogimur:
763 2957 892 3014 omnium

355 3035 491 3093 Versatur
504 3053 592 3105 urna;
614 3034 705 3094 serius
718 3035 800 3095 ooiirs

394 3114 463 3172 Sors
475 3115 595 3188 exitura,
609 3126 638 3174 et
651 3135 704 3174 nos
718 3117 748 3172 in
763 3126 901 3174 aetemum

432 3191 572 3252 Exsilium
587 3195 753 3271 impositura
766 3195 885 3271 cymba.

614 3507 698 3564 ODE
719 3508 771 3567 IV.

578 3643 617 3681 An
631 3644 809 3686 summum.

352 3747 491 3816 Sereno,
506 3743 603 3802 Gades
617 3744 726 3802 aditure
739 3765 864 3819 meeum,
878 3758 908 3805 et

352 3825 529 3883 Cantabrum
544 3823 691 3881 indoctum
704 3824 774 3901 juga
787 3826 860 3884 ferre
874 3835 1023 3900 nostrast

351 3903 490 3962 Barbaras
505 3903 612 3978 Syrtes,
626 3903 676 3960 ubi
690 3902 794 3962 Maura
806 3924 918 3982 semper

511 3982 626 4040 AEstuat
640 3983 734 4039 unda:

353 4059 456 4134 Tibur,
471 4061 569 4138 Argeo
582 4062 706 4137 positum
720 4062 830 4135 colono,

355 4139 399 4198 Sit
412 4159 484 4276 mgae
498 4140 581 4199 sedes
596 4142 705 4197 utinam
720 4142 860 4198 seneotael
