3084 4900
576 617 716 668 EPODON
733 618 847 670 LIBER.

358 760 510 839 'Pridsque
523 761 629 820 eoelum
643 762 717 820 sidet
731 762 849 820 inferius
863 762 945 839 mari,

528 840 647 898 Tellure
660 843 792 917 porrecta
806 861 900 918 super,

369 918 470 984 Quam
483 940 540 979 non
556 939 652 978 amore
665 921 708 978 sio
722 940 787 978 meo
802 920 913 997 flagres,
927 918 970 981 utl

528 999 664 1057 Bitumen
678 1001 746 1057 atris
760 1001 903 1075 ignibus.”

371 1079 433 1137 Sub
447 1080 510 1137 haeo
522 1097 594 1154 puer
604 1079 664 1156 jam
678 1098 746 1150 non,
761 1090 792 1136 ut
807 1078 885 1152 ante,
900 1079 1033 1139 mollibus

528 1157 633 1215 Lenire
647 1158 740 1214 verbis
755 1159 869 1232 impias;

371 1238 440 1311 Sed,
455 1237 559 1294 dubius
573 1237 650 1293 unde
664 1248 809 1312 rumperet
823 1236 977 1311 silentium,

528 1315 610 1372 Misit
624 1316 785 1391 Thyesteas
798 1336 916 1391 preces:

371 1400 390 1426 “
399 1395 533 1468 Venena,
548 1413 685 1470 magnum
700 1394 741 1451 fas
755 1396 901 1470 nefasque,
915 1414 974 1455 non
988 1396 1083 1455 valent

530 1472 704 1531 Convertere
719 1474 874 1531 humanam
887 1475 988 1533 vioem.

370 1553 448 1611 Diris
462 1571 546 1629 agam
560 1571 626 1610 vos:
647 1553 709 1609 dira
723 1553 873 1611 detestatio

528 1630 558 1688 N
561 1631 618 1688 ulla
632 1632 761 1707 expiatur
775 1632 899 1693 victima.

369 1710 462 1783 Quin,
476 1710 525 1768 ubi
538 1710 630 1786 perire
642 1714 738 1785 jussus
752 1711 940 1786 exspiravere,

528 1789 697 1847 Nooturuus
710 1809 861 1847 occurram
874 1789 977 1862 Furor,

370 1869 525 1945 Petamque
538 1869 631 1926 vultus
645 1869 746 1927 umbra
759 1868 853 1926 curvis
867 1869 1022 1945 unguibus,

527 1948 604 2009 Quae
618 1949 661 2005 vis
674 1947 803 2006 Deorum
817 1960 860 2005 est
874 1947 1023 2019 Manium

369 2026 409 2085 Et
421 2027 556 2104 inquietis
570 2028 704 2085 adsidens
717 2028 892 2103 precordiis,

528 2107 635 2165 Pavore
649 2127 763 2166 somnos
774 2107 909 2166 auferam.

369 2186 430 2244 Vos
443 2186 527 2244 turba
540 2187 655 2244 vicatim
669 2188 736 2245 hino
750 2198 779 2245 et
793 2188 862 2245 hino
876 2185 952 2246 saxis
961 2196 1063 2264 petam

528 2265 693 2324 Contundet
706 2267 858 2325 obsooenas
870 2285 951 2324 anus.

369 2340 439 2403 Post
452 2344 594 2421 insepulta
608 2347 737 2404 membra
750 2346 884 2405 different
896 2344 958 2423 lupi

526 2424 564 2485 Et
578 2425 735 2501 Esquilinae
750 2425 849 2484 alites:
1144 2424 1200 2485 100

301 2562 303 2565 ,
368 2500 471 2580 Neque
486 2505 540 2562 hoo
554 2515 698 2580 parentes,
713 2505 786 2561 heul
809 2504 879 2562 mihi
893 2504 1074 2582 superstites!

527 2583 668 2660 Effugerit
681 2583 905 2659 spectaculum.’'

622 2977 707 3039 ODE
727 2980 783 3039 VI.

348 3117 380 3156 IN
402 3117 531 3158 CASSIUM
552 3116 703 3171 SEVERUM,
724 3118 849 3157 Portum
869 3119 1058 3163 MALEDIGUH.

366 3216 452 3279 Qum
466 3217 649 3274 immerentes
662 3217 787 3293 hospites
802 3238 896 3294 vexas,
911 3222 1002 3298 canis,

524 3295 650 3372 Ignavus
664 3297 814 3354 adversum
828 3299 929 3375 luposl

366 3374 450 3437 Quin
464 3375 522 3431 huo
536 3376 646 3448 inanes,
661 3377 685 3433 si
698 3388 789 3453 potes,
803 3379 889 3436 vertis
902 3380 1006 3455 minas,

323 3469 326 3474 ·
526 3453 564 3510 Et
578 3474 624 3511 me
639 3474 831 3514 remorsurum
844 3457 937 3533 petisl

367 3531 455 3606 Nam,
469 3532 561 3608 qualis
575 3543 625 3589 aut
637 3531 780 3590 Molossus
794 3546 844 3591 aut
858 3535 950 3593 fulvus
963 3537 1072 3613 Lacon,
1176 3539 1199 3601 ὕ

526 3611 630 3667 Amica
644 3610 686 3679 vis
699 3613 869 3686 pastoribus,

368 3691 462 3768 Agam
476 3709 526 3768 per
541 3690 612 3746 altas
627 3708 695 3747 aure
709 3690 820 3748 sublata
833 3691 924 3766 nives,

523 3768 715 3844 Quaecunque
729 3772 873 3845 praeoedet
886 3771 953 3832 fera.

335 3863 336 3868 ¹
367 3847 427 3922 Tu,
441 3867 528 3925 quum
542 3849 671 3907 timenda
684 3869 754 3907 vooe
768 3849 918 3927 eompldsti
932 3871 1045 3929 nemus,

526 3928 689 4004 Projeotum
702 3928 830 3989 odoraris
843 3931 949 3989 cibum.
1158 3933 1198 3994 1⁰

367 4005 456 4080 Cave,
471 4025 550 4080 cave,
564 4027 687 4083 namque
700 4009 731 4065 in
745 4010 834 4068 malos
848 4009 1020 4087 asperrimus
1046 4023 1052 4038 ¹

525 4087 627 4146 Parata
640 4087 709 4147 tollo
722 4107 847 4148 oomua:
