3084 4900
197 982 381 1150 mos

560 601 699 650 EPODON
717 602 830 651 LIBER.

353 742 470 803 Unxdre
485 756 589 803 matres
603 745 665 803 Iliae
679 747 826 804 addictum
841 748 908 806 feris

352 824 478 882 Alitibus
492 836 581 904 atque
589 825 709 882 canibus
724 827 896 885 homicidam
910 827 1077 904 Hectorem,

291 903 507 999 Postquam
521 893 629 962 relictis
644 905 786 962 moenibus
801 926 851 964 rex
871 908 1004 982 procidit,

320 982 435 1062 „kl-leui
457 983 614 1059 pervicacis
629 984 664 1040 ad
678 985 766 1058 pedes
781 986 918 1044 Achillei.

353 1062 454 1119 Setosa
467 1062 546 1119 duris
560 1061 666 1120 exudre
681 1063 832 1140 pellibus
837 1079 866 1112 :c
883 1078 905 1106 ι

351 1140 499 1198 Laboriosi
512 1142 634 1218 remiges
648 1142 813 1215 Ulyssei‚

350 1219 472 1277 Volente
486 1220 581 1292 Circe,
595 1223 738 1291 membra;
759 1233 830 1279 tunc
843 1242 935 1298 mens,
949 1236 1078 1289 etsouus

350 1298 504 1395 Relapsus,
516 1311 599 1375 atque
614 1311 698 1359 notus
712 1302 741 1358 in
755 1302 848 1358 vultus
862 1304 960 1364 honor.

352 1378 428 1437 Dedi
440 1376 509 1436 satis
523 1376 665 1470 superque
680 1399 829 1457 poenarum
843 1383 938 1455 tibi,

351 1460 457 1516 Amata
469 1459 564 1515 nautis
578 1458 700 1518 multum
714 1471 743 1518 et
757 1461 950 1549 institoribus}

352 1537 460 1614 Fugit
450 1548 591 1614 juventas,
605 1550 634 1596 et
647 1541 827 1597 verecundus
841 1542 918 1600 color

350 1616 480 1693 Reliquit
492 1636 557 1674 ossa
570 1617 644 1692 pelle
659 1620 763 1675 amicta
776 1619 889 1690 lurida3

350 1697 425 1755 'l'uis
438 1696 556 1772 capillus
570 1697 651 1752 albus
664 1709 707 1755 est
720 1698 863 1756 odoribus.

349 1776 469 1834 Nullum
483 1795 501 1831 a
512 1775 609 1832 labore
624 1794 670 1832 me
684 1776 805 1833 reclinat
816 1778 923 1836 otium:

349 1854 439 1931 Urget
453 1855 529 1912 diem
544 1874 609 1925 nox,
624 1865 653 1911 et
666 1856 728 1912 dies
742 1867 870 1926 noctem,
892 1875 985 1931 neque
998 1865 1042 1915 est

349 1934 458 1993 Levare
472 1944 551 1991 teuta
564 1934 663 2023 spiritu
677 1936 841 2010 praecordia.

351 2013 429 2089 Ergo
443 2025 578 2089 negatum
592 2032 690 2071 vincor
705 2026 735 2071 ut
748 2016 865 2072 credam
879 2014 974 2088 miser,

351 2093 465 2151 Sabella
477 2104 577 2169 pectus
590 2093 738 2169 increpare
753 2095 890 2167 carmina,

349 2173 498 2248 Caputque
513 2171 610 2229 Marsd
624 2173 746 2231 dissilire
760 2174 864 2231 naenia.

348 2251 430 2313 Quid
444 2250 565 2328 amplius
578 2252 640 2309 visl
668 2253 696 2309 Ο
710 2273 788 2311 mare
799 2266 828 2311 et
838 2256 926 2312 terra!
948 2253 1044 2328 ardeo,

349 2329 501 2392 Quantum
516 2349 608 2406 neque
623 2342 683 2389 atro
697 2334 840 2391 delibutus
854 2332 997 2391 Hercules

350 2409 436 2468 Nessi
447 2429 556 2483 cruore,
571 2430 626 2468 nec
641 2412 747 2469 Sicania
761 2413 869 2471 fervida

349 2489 442 2548 Urens
456 2491 486 2547 in
501 2491 590 2549 AEtnd
605 2489 726 2548 flamma.
759 2491 819 2564 Tu,
833 2492 926 2550 donec
939 2491 1014 2550 cinis

326 2548 497 2659 [Injuriosis
512 2571 607 2626 aridus
622 2571 712 2627 ventis
727 2571 810 2641 ferar,

349 2648 435 2706 Cales
448 2649 566 2705 venenis
579 2647 694 2705 officina
707 2648 861 2706 Colchicis.
870 2672 883 2701 ι.

348 2727 426 2789 Quae
441 2727 525 2783 linisl
546 2737 595 2783 aut
608 2727 683 2801 quod
698 2746 743 2783 me
759 2738 855 2784 manet
869 2726 1065 2803 stipendiumt

348 2806 462 2864 Effare:
480 2805 574 2882 jussas
589 2824 655 2862 cum
669 2806 725 2863 lide
739 2826 838 2882 poenas
851 2808 939 2880 luam,

348 2886 467 2943 Paratus
481 2886 604 2961 expiare,
619 2904 669 2942 seu
680 2887 843 2962 poposceris

348 2964 473 3022 Centum
483 2964 631 3041 juvencoS,
645 2966 703 3022 sive
717 2967 850 3024 mendaci
861 2966 923 3042 lyrd

347 3044 435 3102 Voles
448 3045 558 3114 sonari3
580 3055 611 3101 tu
624 3046 739 3120 pudica,
753 3056 784 3102 tu
797 3046 895 3121 proba,

347 3123 561 3181 Perambulabis
574 3134 648 3181 astra
662 3125 741 3181 sidus
755 3145 882 3183 aureum.

347 3199 467 3259 Infamis
481 3201 602 3261 Helenae
617 3203 718 3261 Castor
732 3204 858 3261 offensus
869 3206 941 3278 vice,

348 3280 505 3356 Fraterque
519 3283 616 3357 magui
630 3282 766 3355 Castoris,
781 3284 848 3341 victi
861 3304 957 3360 prece,

348 3360 492 3436 Adempta
505 3362 561 3418 vati
575 3361 725 3419 reddiddre
739 3363 857 3420 lumina.

347 3438 385 3497 Et
398 3441 439 3511 tu,
453 3452 534 3516 potes
545 3459 621 3512 nam,
637 3441 712 3498 solve
727 3460 773 3498 me
788 3443 943 3516 dementia,

348 3517 376 3573 Ο
390 3537 446 3576 nec
456 3519 581 3595 paternis
595 3519 721 3576 obsoleta
734 3521 874 3591 sordibus,

346 3595 411 3656 Nec
425 3598 456 3655 in
472 3597 608 3672 sepulcris
621 3616 778 3672 pauperum
792 3600 918 3673 prudens
931 3619 1004 3658 anus

347 3675 540 3734 Noveudiales
555 3677 692 3752 dissipare
706 3677 844 3751 pulveres.

346 3755 415 3814 Tibi
429 3757 566 3832 hospitale
580 3767 680 3832 pectus
694 3767 722 3813 et
735 3775 813 3831 purae
827 3775 939 3816 manus.

625 3907 746 3940 camma.

343 3996 425 4058 Quid
439 3996 575 4053 obseratis
589 3996 703 4053 auribus
717 3996 813 4052 fundis
826 3997 946 4071 precesl

345 4074 376 4132 N
377 4096 415 4133 on
429 4095 497 4132 saxa
510 4077 594 4132 nudis
609 4076 737 4132 surdiora
751 4076 854 4132 navitis

344 4155 499 4233 Neptunus
513 4155 570 4213 alto
583 4155 678 4212 tundit
691 4154 828 4211 hibernus
843 4154 911 4212 salo,
