3084 4900
316 542 373 600 116
640 538 671 594 Q·
690 537 836 587 HORATII
854 536 977 586 FLACGI

353 682 416 744 Qui
429 701 476 739 me
490 679 650 755 eommdrit,
673 685 691 712 “
701 678 809 740 Melius
822 700 881 739 non
895 691 1013 758 tangere
1021 680 1049 739 l'’
1071 680 1175 758 clamo,
1267 682 1311 743 45

355 761 458 834 Flebit,
472 772 502 820 et
515 761 634 838 insignis
647 760 706 818 totis
720 762 880 819 cantabitur
891 761 970 818 urbe.

356 842 472 899 Servius
486 842 574 898 iratus
587 842 666 917 leges
679 841 827 898 minitatur
839 850 869 897 et
881 859 1000 897 urnam:

356 920 478 996 Canidia
491 918 603 993 Albuti,
617 920 718 995 quibus
732 931 776 978 est
789 920 915 991 inimica,
929 936 1087 978 venenum:

355 999 472 1058 Grande
485 999 593 1057 malurn
606 998 726 1073 Turius,
740 999 765 1057 si
778 998 841 1074 quis
855 1018 886 1056 se
896 997 995 1074 judice
1009 1008 1107 1057 certet.

356 1080 405 1153 Ut,
418 1099 474 1155 quo
486 1080 605 1155 quisque
619 1078 702 1152 valet,
717 1087 864 1154 suspectos
876 1088 989 1149 terreat,
1003 1089 1091 1154 utque
1267 1080 1309 1139 5⁰

356 1158 482 1236 Imperet
495 1160 550 1217 boe
564 1168 665 1215 natura
677 1168 789 1233 potens,
804 1157 846 1213 sic
860 1156 962 1232 collige
975 1175 1107 1215 mecum:

357 1238 451 1296 Dente
465 1237 559 1313 lupus,
574 1255 663 1294 cornu
676 1246 775 1293 taurus
788 1235 877 1312 petit;
899 1236 986 1307 unde,
1001 1235 1057 1294 nisi
1070 1235 1148 1295 intus

356 1315 567 1375 Monstratuml
602 1316 709 1372 Scaevae
723 1315 849 1372 vivacem
864 1315 949 1371 crede
962 1314 1058 1392 nepoti

356 1394 499 1453 Matrem:
520 1396 560 1454 nil
576 1394 661 1452 faciet
674 1394 790 1452 sceleris
803 1394 850 1469 pia
864 1395 996 1451 dextera:
1016 1393 1138 1453 mirum!

356 1474 395 1532 Ut
409 1494 501 1550 neque
516 1475 595 1532 calce
609 1474 693 1549 lupus
706 1491 878 1549 quenquam,
892 1492 985 1548 neque
1000 1473 1086 1532 dente
1099 1473 1171 1551 petit
1183 1473 1253 1535 bos:
1268 1474 1309 1533 55

358 1553 416 1611 Sed
430 1553 505 1610 mala
519 1553 597 1610 tollet
611 1571 697 1609 anum
711 1552 808 1610 vitiato
822 1551 905 1608 melle
917 1552 1019 1610 cicuta.

356 1631 403 1689 Ne
416 1634 533 1708 longum
548 1633 666 1701 faciam;
688 1651 739 1689 seu
754 1651 800 1689 me
814 1631 964 1707 tranquilla
977 1642 1110 1690 senectus

356 1711 520 1789 Exspectat,
535 1731 586 1769 seu
596 1731 671 1770 mors
685 1711 753 1768 atris
766 1710 952 1769 circumvolat
965 1711 1017 1769 alis
1028 1731 1035 1781 3

356 1790 453 1864 Dives,
468 1791 566 1868 inops;
588 1791 700 1863 Romae,
715 1809 766 1848 seu
780 1791 837 1848 lbrs
850 1790 889 1847 ita
899 1790 1025 1867 jusserit,
1038 1790 1135 1862 exsul;

355 1870 495 1947 Quisquis
508 1871 563 1929 erit
575 1871 650 1943 vitre,
664 1870 798 1944 scribam,
813 1869 898 1929 color.

730 2018 891 2052 'susumus

909 2103 938 2162 Ο
951 2124 1032 2181 puer,
1045 2115 1078 2163 ut
1089 2105 1129 2164 sis
1268 2106 1310 2167 60

356 2184 458 2243 Vitalis
468 2194 574 2257 metuo,
588 2194 618 2242 et
631 2184 769 2261 majorum
784 2184 898 2260 nequis
912 2184 1022 2241 amicus

355 2263 474 2342 Frigore
487 2274 515 2322 te
530 2264 618 2321 feriat.

735 2392 881 2427 norimus,

715 2482 819 2548 Quidl
839 2500 928 2557 quum
941 2493 984 2540 est
997 2481 1127 2542 Lucilius
1140 2502 1228 2543 ausus

355 2561 467 2620 Primus
481 2562 510 2620 in
524 2564 603 2619 bunc
616 2561 709 2639 operis
723 2580 893 2637 componere
907 2562 1036 2620 carmina
1048 2581 1166 2637 morem,

354 2640 511 2699 Detrahere
525 2653 554 2699 et
566 2641 679 2718 pellem,
694 2642 801 2699 nitidus
814 2641 871 2718 qud
884 2641 1002 2717 quisque
1016 2661 1066 2718 per
1078 2660 1130 2700 ora

354 2721 487 2794 Cederet,
502 2722 653 2780 introrsum
667 2721 775 2797 turpis3
796 2740 866 2778 num
881 2721 996 2795 Laelius,
1010 2721 1101 2798 etqui
1267 2721 1308 2781 65

255 2817 261 2826 ·
355 2798 445 2858 Duxit
458 2800 495 2858 ab
507 2801 642 2877 oppressi
655 2801 789 2858 meritum
804 2799 979 2874 Cartbagine
993 2819 1108 2874 nomen,

355 2878 477 2955 Ingenio
490 2879 600 2951 offensi,
616 2890 664 2936 aut
677 2879 745 2937 laeso
758 2877 876 2935 doluere
890 2877 1019 2952 Metello,

354 2957 539 3033 Famosisque
553 2958 634 3033 Lupo
648 2969 781 3032 cooperto
794 2956 940 3013 versibusl
975 2958 1063 3032 Atqui

354 3036 495 3095 Primores
508 3037 604 3112 populi
620 3037 737 3112 arripuit
749 3035 940 3111 populumque
954 3035 1092 3108 tributim,

354 3115 472 3173 Scilicet
485 3115 536 3172 uni
550 3133 647 3189 aequus
662 3115 755 3171 virtuti
770 3126 854 3188 atque
868 3114 930 3189 ojus
944 3113 1052 3171 amicis.
1266 3116 1307 3176 70

352 3194 445 3266 Quin,
456 3194 505 3251 ubi
520 3213 550 3250 se
564 3213 581 3250 a
595 3193 678 3268 vulgo
692 3203 721 3249 et
734 3193 823 3249 scend.
836 3194 866 3249 in
881 3203 991 3249 secreta
1003 3189 1148 3251 remdrant

354 3274 452 3331 Virtus
467 3273 608 3348 Scipiadae
622 3283 651 3329 et
665 3271 741 3328 mitis
755 3271 894 3346 sapientia
907 3269 989 3344 Laeli,

353 3351 466 3428 Nugari
480 3370 546 3408 cum
560 3350 618 3422 illo,
632 3361 661 3408 et
675 3350 809 3407 discincti
823 3350 931 3423 ludere,
946 3351 1039 3409 donec

352 3431 566 3507 Decoqueretur
579 3429 651 3502 olus,
666 3429 749 3486 soliti.
782 3429 933 3504 Quidquid
948 3448 1011 3486 sum
1022 3448 1087 3506 ego,
1097 3428 1226 3506 quumvis

352 3509 433 3568 Infra
445 3508 541 3568 Lucili
556 3528 675 3567 censum
687 3509 900 3585 ingeniumque,
911 3519 1007 3567 tamen
1019 3527 1067 3566 ma
1265 3509 1306 3569 75

353 3589 429 3648 Cum
443 3589 557 3666 magnis
572 3589 673 3647 vixisse
687 3589 776 3646 invita
790 3589 923 3646 fatebitur
936 3605 1027 3664 usque

352 3666 474 3742 Invidia,
489 3680 527 3742 et,
543 3668 635 3745 fragili
649 3688 779 3744 quaerens
793 3668 902 3726 illidere
917 3668 1044 3738 dentem,

351 3746 488 3806 Offendet
501 3748 609 3807 solido:
630 3748 686 3805 nisi
699 3747 768 3823 quid
782 3758 823 3820 tu,
838 3749 921 3805 docte
935 3743 1065 3818 Trebati,

352 3825 503 3885 Dissentis.

726 3913 888 3950 nannenus.

588 4000 729 4078 Equidem
742 4000 814 4059 nihil
828 3998 877 4059 hic
891 3999 1040 4060 diffindere
1051 4019 1180 4077 possum.

352 4079 533 4158 Sedtamen,
546 4091 579 4141 ut
591 4079 716 4141 monitus
729 4098 842 4153 caveas,
855 4098 894 4140 ne
908 4077 980 4140 fortd
994 4079 1093 4160 negoti
1264 4083 1305 4144 80
