3084 4900
614 616 645 672 Q.
663 615 809 664 HORATII
826 616 950 664 FLACCI

402 761 530 819 Peousve
544 759 673 816 Calabris
687 769 753 817 ante
767 760 846 816 sidus
857 759 996 817 fervidum

521 838 640 895 Lucana
654 851 745 897 mutet
755 859 880 915 pascua;

404 918 468 975 Nec
482 928 513 975 ut
527 919 642 993 superni
656 918 722 976 villa
736 920 864 976 candens
875 917 999 977 Tusculi

521 997 633 1054 Ciroaea
646 1008 744 1073 tangat
758 997 872 1062 moenin.

376 1111 382 1122 ·
403 1073 480 1134 Satis
494 1074 634 1151 superque
645 1095 691 1131 me
706 1075 869 1150 benignitas
881 1084 931 1132 tua

325 1155 359 1188 an
370 1156 389 1192 22
400 1156 479 1204 rarat.
521 1154 641 1224 Diffi-it:
663 1155 739 1210 haud
753 1173 888 1228 paravero

403 1233 492 1295 Quod
506 1244 564 1305 aut,
576 1251 676 1291 avarus
690 1243 720 1289 ut
735 1233 885 1308 Chremes,
897 1232 974 1290 terra
988 1250 1128 1308 premam,

522 1312 688 1369 Discinctos
702 1322 751 1368 aut
763 1312 881 1387 perdam
895 1322 927 1369 ut
939 1330 1037 1388 nepos.

637 1520 926 1529 ——-—-.-

706 1665 791 1723 ODE
812 1664 852 1724 II.

385 1790 404 1819 “
414 1785 535 1843 Bnauus
550 1784 597 1841 ille
611 1783 659 1859 qui
673 1783 771 1859 prooul
786 1786 918 1861 negotiis,

521 1862 562 1920 Ut
574 1864 668 1939 prisca
681 1882 752 1940 gens
765 1866 938 1939 mortalium,

403 1943 527 2002 Paterna
540 1943 605 1999 ru'ra
619 1943 711 2001 bobus
724 1956 839 2003 exercet
852 1946 921 2017 suis,

523 2022 639 2079 Solutus
653 2023 731 2080 omni
747 2023 861 2080 soenore.

403 2101 505 2177 Neque
519 2101 659 2158 excitatur
674 2101 794 2158 classico
807 2101 890 2157 miles
903 2101 987 2176 truci,

522 2179 624 2255 Neque
638 2182 734 2246 horret
746 2179 849 2237 iratum
862 2198 954 2250 mare;

404 2258 567 2336 Forumque
580 2260 658 2331 vitat,
672 2269 701 2317 et
714 2257 836 2333 superba
848 2258 954 2316 civium

523 2338 717 2397 Potentiorum
730 2335 838 2395 limina.

404 2417 482 2497 Ergo
495 2428 545 2476 aut
558 2416 655 2475 adulta
669 2415 768 2477 vitium
781 2414 937 2493 propagine

523 2497 605 2558 Altas
618 2496 730 2555 maritat
742 2495 877 2571 populos3

404 2575 580 2652 Inutilesque
594 2575 667 2635 falce
680 2593 774 2632 ramos
787 2585 947 2653 amputans,

521 2654 678 2714 Feliciores
691 2652 791 2712 inserit
801 2673 809 2725 ;

404 2737 466 2795 Aut
478 2736 509 2794 in
521 2733 641 2794 reducti
654 2732 726 2792 valle
740 2734 930 2811 mugientium

521 2812 686 2890 Prospectat
699 2825 826 2872 errantes
839 2834 958 2890 greges3
1007 2854 1009 2857 -

404 2894 467 2954 Aut
479 2912 576 2970 pressa
588 2891 666 2989 puris
680 2893 763 2961 mella
778 2895 877 2951 condit
891 2894 1049 2970 amphoris3

522 2973 582 3029 Aut
595 2966 694 3045 tondet
707 2971 834 3047 infirmas
843 2991 929 3047 ,ογ-εκ

403 3051 469 3125 Vel,
489 3069 576 3127 quum
590 3051 727 3110 decorum
740 3040 858 3110 liiitssrus‘
870 3050 962 3128 pomis
975 3061 1062 3129 eaput

522 3130 689 3205 Autumnus
703 3132 776 3201 ¹urvis
790 3132 899 3203 extulit,
973 3194 975 3198 7

404 3210 444 3268 Ut
457 3196 691 3286 gaudetinsitiia‘
703 3210 861 3287 decerpens
873 3228 952 3286 pyra,
967 3221 1012 3250 ··>¹'
1026 3213 1033 3239 ¹
1050 3231 1052 3234 ·

522 3288 687 3349 Certantem
702 3300 731 3349 et
745 3310 828 3347 uvam
841 3292 982 3366 purpurae,

403 3367 475 3430 Qua
488 3379 652 3427 muneretur
666 3380 703 3441 te,
719 3370 831 3445 Priape,
845 3380 875 3426 et
887 3379 925 3443 te,
939 3379 1018 3446 pater

524 3447 648 3520 Silvano,
662 3459 737 3509 tutor
751 3449 868 3507 finium!

405 3526 488 3585 Libet
495 3525 592 3602 jacere
605 3525 691 3586 modo
706 3529 759 3586 sub
774 3527 890 3604 antiqui
902 3528 978 3603 ilice,

523 3604 614 3665 Modo
628 3608 658 3665 in
672 3608 767 3666 tenaci
781 3609 919 3683 gramine.

405 3682 554 3741 Labuntur
569 3687 632 3743 altis
646 3686 759 3745 interim
773 3687 841 3762 ripis
855 3707 951 3762 aquae3

523 3763 693 3824 Queruntur
703 3766 733 3822 in
748 3766 824 3823 silvis
839 3785 920 3836 aves3

405 3841 567 3918 Fontesque
582 3843 704 3919 lymphis
718 3846 884 3920 obstrepunt
898 3844 1090 3919 manantibus,

525 3924 646 3980 Somnos
660 3924 735 3997 quod
749 3924 848 3981 invitet
861 3924 945 3982 leves.
1085 3997 1088 4002 .

406 3999 456 4075 At,
471 4019 559 4076 quum
569 4003 694 4060 tonantis
709 4022 802 4060 annus
816 4004 952 4061 hibernus
965 4004 1046 4063 Jovis
1091 4011 1111 4040 ’κ

524 4080 635 4138 Imbres
648 4081 783 4158 nivesque
798 4094 952 4157 comparat,

406 4158 468 4216 Aut
481 4161 567 4218 trudit
582 4180 662 4219 aeres
677 4162 745 4220 hino
758 4173 788 4220 et
801 4163 870 4220 hino
883 4163 973 4222 multi
986 4182 1059 4224 eane
