<?xml version="1.0" encoding="UTF-8"?>
<!DOCTYPE html PUBLIC "-//W3C//DTD XHTML 1.0 Transitional//EN"
    "http://www.w3.org/TR/xhtml1/DTD/xhtml1-transitional.dtd">
<html xmlns="http://www.w3.org/1999/xhtml" xml:lang="en" lang="en">
 <head>
  <title>
</title>
<meta http-equiv="Content-Type" content="text/html;charset=utf-8" />
  <meta name='ocr-system' content='tesseract 3.04.00' />
  <meta name='ocr-capabilities' content='ocr_page ocr_carea ocr_par ocr_line ocrx_word'/>
</head>
<body>
  <div class='ocr_page' id='page_1' title='image "./quintihoratiifl00horagoog_0063.png"; bbox 0 0 3084 4900; ppageno 0'>
   <div class='ocr_carea' id='block_1_1' title="bbox 613 552 947 610">
    <p class='ocr_par' dir='ltr' id='par_1_1' title="bbox 613 552 947 610">
     <span class='ocr_line' id='line_1_1' title="bbox 613 552 947 610; baseline 0.003 -8"><span class='ocrx_word' id='word_1_1' title='bbox 613 553 651 610; x_wconf 69' lang='lat' dir='ltr'>Q.&#39;</span> <span class='ocrx_word' id='word_1_2' title='bbox 661 552 809 602; x_wconf 82' lang='lat' dir='ltr'><strong>HORATII</strong></span> <span class='ocrx_word' id='word_1_3' title='bbox 824 553 947 603; x_wconf 74' lang='lat' dir='ltr'>sancet</span> 
     </span>
    </p>
   </div>
   <div class='ocr_carea' id='block_1_2' title="bbox 439 695 1028 2176">
    <p class='ocr_par' dir='ltr' id='par_1_2' title="bbox 439 695 1028 2176">
     <span class='ocr_line' id='line_1_2' title="bbox 443 695 970 774; baseline 0.006 -21"><span class='ocrx_word' id='word_1_4' title='bbox 443 695 548 754; x_wconf 86' lang='lat' dir='ltr'>Pacem</span> <span class='ocrx_word' id='word_1_5' title='bbox 563 695 658 755; x_wconf 93' lang='lat' dir='ltr'>duello</span> <span class='ocrx_word' id='word_1_6' title='bbox 669 696 791 754; x_wconf 84' lang='lat' dir='ltr'><strong>miscuit.</strong></span> <span class='ocrx_word' id='word_1_7' title='bbox 822 696 850 753; x_wconf 89' lang='lat'>0</span> <span class='ocrx_word' id='word_1_8' title='bbox 863 697 970 774; x_wconf 90' lang='lat' dir='ltr'>pudorl</span> 
     </span>
     <span class='ocr_line' id='line_1_3' title="bbox 481 774 952 865; baseline 0.002 -32"><span class='ocrx_word' id='word_1_9' title='bbox 481 774 510 833; x_wconf 95' lang='grc' dir='ltr'>Ο</span> <span class='ocrx_word' id='word_1_10' title='bbox 524 794 629 865; x_wconf 83' lang='lat' dir='ltr'>magna</span> <span class='ocrx_word' id='word_1_11' title='bbox 642 775 795 852; x_wconf 85' lang='lat' dir='ltr'>Carthago,</span> <span class='ocrx_word' id='word_1_12' title='bbox 810 776 952 852; x_wconf 79' lang='lat' dir='ltr'>probrosis</span> 
     </span>
     <span class='ocr_line' id='line_1_4' title="bbox 521 853 859 912; baseline 0.006 -2"><span class='ocrx_word' id='word_1_13' title='bbox 521 853 614 912; x_wconf 84' lang='lat' dir='ltr'>Altior</span> <span class='ocrx_word' id='word_1_14' title='bbox 629 854 719 911; x_wconf 85' lang='lat' dir='ltr'>Italiae</span> <span class='ocrx_word' id='word_1_15' title='bbox 733 855 823 912; x_wconf 92' lang='lat' dir='ltr'>ruinis</span> <span class='ocrx_word' id='word_1_16' title='bbox 833 857 859 912; x_wconf 88' lang='lat'>!&#39;&#39;</span> 
     </span>
     <span class='ocr_line' id='line_1_5' title="bbox 442 931 968 1010; baseline 0.004 -21"><span class='ocrx_word' id='word_1_17' title='bbox 442 931 545 990; x_wconf 85' lang='lat' dir='ltr'>Fertur</span> <span class='ocrx_word' id='word_1_18' title='bbox 557 934 669 1010; x_wconf 85' lang='lat' dir='ltr'>pudicae</span> <span class='ocrx_word' id='word_1_19' title='bbox 684 935 814 1010; x_wconf 85' lang='lat' dir='ltr'>conjugis</span> <span class='ocrx_word' id='word_1_20' title='bbox 828 934 968 1007; x_wconf 90' lang='lat' dir='ltr'>osculum,</span> 
     </span>
     <span class='ocr_line' id='line_1_6' title="bbox 442 1011 984 1087; baseline 0.002 -18"><span class='ocrx_word' id='word_1_21' title='bbox 442 1011 604 1087; x_wconf 82' lang='lat' dir='ltr'>Parvosque</span> <span class='ocrx_word' id='word_1_22' title='bbox 617 1023 708 1085; x_wconf 87' lang='lat' dir='ltr'>natos,</span> <span class='ocrx_word' id='word_1_23' title='bbox 722 1025 754 1070; x_wconf 92' lang='lat' dir='ltr'>ut</span> <span class='ocrx_word' id='word_1_24' title='bbox 767 1014 868 1087; x_wconf 90' lang='lat' dir='ltr'>capitis</span> <span class='ocrx_word' id='word_1_25' title='bbox 881 1014 984 1086; x_wconf 89' lang='lat' dir='ltr'>minor,</span> 
     </span>
     <span class='ocr_line' id='line_1_7' title="bbox 482 1092 914 1163; baseline -0.002 -15"><span class='ocrx_word' id='word_1_26' title='bbox 482 1092 530 1148; x_wconf 90' lang='lat' dir='ltr'>Ab</span> <span class='ocrx_word' id='word_1_27' title='bbox 544 1110 574 1148; x_wconf 93' lang='lat' dir='ltr'>se</span> <span class='ocrx_word' id='word_1_28' title='bbox 588 1092 749 1163; x_wconf 87' lang='lat' dir='ltr'>removisse,</span> <span class='ocrx_word' id='word_1_29' title='bbox 763 1103 793 1147; x_wconf 92' lang='lat' dir='ltr'>et</span> <span class='ocrx_word' id='word_1_30' title='bbox 806 1092 914 1148; x_wconf 88' lang='lat' dir='ltr'>virilem</span> 
     </span>
     <span class='ocr_line' id='line_1_8' title="bbox 522 1169 1007 1243; baseline 0 -16"><span class='ocrx_word' id='word_1_31' title='bbox 522 1169 634 1227; x_wconf 88' lang='lat' dir='ltr'>Torvus</span> <span class='ocrx_word' id='word_1_32' title='bbox 648 1170 728 1227; x_wconf 92' lang='lat' dir='ltr'>humi</span> <span class='ocrx_word' id='word_1_33' title='bbox 741 1170 869 1243; x_wconf 79' lang='lat' dir='ltr'>posuisse</span> <span class='ocrx_word' id='word_1_34' title='bbox 882 1169 1007 1227; x_wconf 88' lang='lat' dir='ltr'>vultum:</span> 
     </span>
     <span class='ocr_line' id='line_1_9' title="bbox 442 1247 926 1323; baseline 0 -18"><span class='ocrx_word' id='word_1_35' title='bbox 442 1247 544 1305; x_wconf 91' lang='lat' dir='ltr'>Donec</span> <span class='ocrx_word' id='word_1_36' title='bbox 557 1248 688 1306; x_wconf 88' lang='lat' dir='ltr'>labantes</span> <span class='ocrx_word' id='word_1_37' title='bbox 700 1248 819 1305; x_wconf 89' lang='lat' dir='ltr'>consilio</span> <span class='ocrx_word' id='word_1_38' title='bbox 833 1259 926 1323; x_wconf 89' lang='lat' dir='ltr'>patres</span> 
     </span>
     <span class='ocr_line' id='line_1_10' title="bbox 441 1325 1028 1402; baseline 0 -17"><span class='ocrx_word' id='word_1_39' title='bbox 441 1327 582 1385; x_wconf 87' lang='lat' dir='ltr'>Firmaret</span> <span class='ocrx_word' id='word_1_40' title='bbox 596 1338 693 1385; x_wconf 89' lang='lat' dir='ltr'>auctor</span> <span class='ocrx_word' id='word_1_41' title='bbox 707 1346 852 1401; x_wconf 90' lang='lat' dir='ltr'>nunquam</span> <span class='ocrx_word' id='word_1_42' title='bbox 867 1325 937 1384; x_wconf 69' lang='lat' dir='ltr'>aliis</span> <span class='ocrx_word' id='word_1_43' title='bbox 951 1328 1028 1402; x_wconf 90' lang='lat' dir='ltr'>dato,</span> 
     </span>
     <span class='ocr_line' id='line_1_11' title="bbox 480 1406 902 1480; baseline -0.002 -17"><span class='ocrx_word' id='word_1_44' title='bbox 480 1406 615 1480; x_wconf 87' lang='lat' dir='ltr'>Interque</span> <span class='ocrx_word' id='word_1_45' title='bbox 629 1417 781 1463; x_wconf 88' lang='lat' dir='ltr'>moerentes</span> <span class='ocrx_word' id='word_1_46' title='bbox 795 1406 902 1463; x_wconf 87' lang='lat' dir='ltr'>amicos</span> 
     </span>
     <span class='ocr_line' id='line_1_12' title="bbox 518 1484 937 1561; baseline 0.005 -20"><span class='ocrx_word' id='word_1_47' title='bbox 518 1484 659 1560; x_wconf 82' lang='lat' dir='ltr'>Egregius</span> <span class='ocrx_word' id='word_1_48' title='bbox 673 1497 836 1561; x_wconf 86' lang='lat' dir='ltr'>properaret</span> <span class='ocrx_word' id='word_1_49' title='bbox 849 1486 937 1543; x_wconf 85' lang='lat' dir='ltr'>exsul.</span> 
     </span>
     <span class='ocr_line' id='line_1_13' title="bbox 441 1563 945 1640; baseline 0.004 -20"><span class='ocrx_word' id='word_1_50' title='bbox 441 1563 530 1640; x_wconf 81' lang='lat' dir='ltr'>Atqui</span> <span class='ocrx_word' id='word_1_51' title='bbox 545 1564 652 1621; x_wconf 78' lang='lat' dir='ltr'>sciebat</span> <span class='ocrx_word' id='word_1_52' title='bbox 665 1584 727 1639; x_wconf 85' lang='lat' dir='ltr'>quae</span> <span class='ocrx_word' id='word_1_53' title='bbox 742 1565 796 1621; x_wconf 89' lang='lat' dir='ltr'>sibi</span> <span class='ocrx_word' id='word_1_54' title='bbox 810 1566 945 1622; x_wconf 89' lang='lat' dir='ltr'>barbarus</span> 
     </span>
     <span class='ocr_line' id='line_1_14' title="bbox 440 1643 968 1718; baseline 0 -17"><span class='ocrx_word' id='word_1_55' title='bbox 440 1643 545 1702; x_wconf 89' lang='lat' dir='ltr'>Tortor</span> <span class='ocrx_word' id='word_1_56' title='bbox 558 1655 685 1718; x_wconf 87' lang='lat' dir='ltr'>pararet:</span> <span class='ocrx_word' id='word_1_57' title='bbox 706 1664 764 1701; x_wconf 92' lang='lat' dir='ltr'>non</span> <span class='ocrx_word' id='word_1_58' title='bbox 779 1644 858 1702; x_wconf 89' lang='lat' dir='ltr'>aliter</span> <span class='ocrx_word' id='word_1_59' title='bbox 872 1654 968 1701; x_wconf 89' lang='lat' dir='ltr'>tamen</span> 
     </span>
     <span class='ocr_line' id='line_1_15' title="bbox 479 1721 976 1801; baseline 0.002 -22"><span class='ocrx_word' id='word_1_60' title='bbox 479 1721 606 1781; x_wconf 90' lang='lat' dir='ltr'>Dimovit</span> <span class='ocrx_word' id='word_1_61' title='bbox 618 1724 762 1781; x_wconf 92' lang='lat' dir='ltr'>obstantes</span> <span class='ocrx_word' id='word_1_62' title='bbox 795 1723 976 1801; x_wconf 92' lang='lat' dir='ltr'>propinquos,</span> 
     </span>
     <span class='ocr_line' id='line_1_16' title="bbox 517 1801 1006 1878; baseline 0.004 -19"><span class='ocrx_word' id='word_1_63' title='bbox 517 1801 556 1860; x_wconf 90' lang='lat' dir='ltr'>Et</span> <span class='ocrx_word' id='word_1_64' title='bbox 569 1802 704 1878; x_wconf 90' lang='lat' dir='ltr'>populum</span> <span class='ocrx_word' id='word_1_65' title='bbox 718 1804 825 1861; x_wconf 91' lang='lat' dir='ltr'>reditus</span> <span class='ocrx_word' id='word_1_66' title='bbox 839 1813 1006 1877; x_wconf 81' lang='lat' dir='ltr'>morantem,</span> 
     </span>
     <span class='ocr_line' id='line_1_17' title="bbox 439 1878 958 1959; baseline -0.006 -17"><span class='ocrx_word' id='word_1_67' title='bbox 439 1878 540 1942; x_wconf 79' lang='lat' dir='ltr'>Quam</span> <span class='ocrx_word' id='word_1_68' title='bbox 554 1883 578 1939; x_wconf 92' lang='lat' dir='ltr'>si</span> <span class='ocrx_word' id='word_1_69' title='bbox 592 1882 730 1941; x_wconf 82' lang='lat' dir='ltr'>clientrim</span> <span class='ocrx_word' id='word_1_70' title='bbox 744 1884 830 1959; x_wconf 86' lang='lat' dir='ltr'>longa</span> <span class='ocrx_word' id='word_1_71' title='bbox 843 1883 958 1959; x_wconf 85' lang='lat' dir='ltr'>negotia</span> 
     </span>
     <span class='ocr_line' id='line_1_18' title="bbox 439 1960 864 2037; baseline 0.005 -20"><span class='ocrx_word' id='word_1_72' title='bbox 439 1960 605 2036; x_wconf 80' lang='lat' dir='ltr'>Dijudicata</span> <span class='ocrx_word' id='word_1_73' title='bbox 618 1963 667 2019; x_wconf 91' lang='lat' dir='ltr'>lite</span> <span class='ocrx_word' id='word_1_74' title='bbox 681 1963 864 2037; x_wconf 88' lang='lat' dir='ltr'>relinqueret,</span> 
     </span>
     <span class='ocr_line' id='line_1_19' title="bbox 479 2040 962 2116; baseline -0.002 -19"><span class='ocrx_word' id='word_1_75' title='bbox 479 2040 619 2097; x_wconf 88' lang='lat' dir='ltr'>Tendens</span> <span class='ocrx_word' id='word_1_76' title='bbox 633 2041 811 2097; x_wconf 86' lang='lat' dir='ltr'>Venafranos</span> <span class='ocrx_word' id='word_1_77' title='bbox 825 2043 855 2098; x_wconf 92' lang='lat' dir='ltr'>in</span> <span class='ocrx_word' id='word_1_78' title='bbox 870 2060 962 2116; x_wconf 88' lang='lat' dir='ltr'>agros,</span> 
     </span>
     <span class='ocr_line' id='line_1_20' title="bbox 517 2118 1025 2176; baseline 0.002 -2"><span class='ocrx_word' id='word_1_79' title='bbox 517 2119 578 2175; x_wconf 89' lang='lat' dir='ltr'>Aut</span> <span class='ocrx_word' id='word_1_80' title='bbox 592 2118 843 2175; x_wconf 69' lang='lat' dir='ltr'>Lacedaemonium</span> <span class='ocrx_word' id='word_1_81' title='bbox 857 2118 1025 2176; x_wconf 87' lang='lat' dir='ltr'>Tarentum.</span> 
     </span>
    </p>
   </div>
   <div class='ocr_carea' id='block_1_3' title="bbox 692 2432 850 2492">
    <p class='ocr_par' dir='ltr' id='par_1_3' title="bbox 692 2432 850 2492">
     <span class='ocr_line' id='line_1_21' title="bbox 692 2432 850 2492; baseline -0.006 0"><span class='ocrx_word' id='word_1_82' title='bbox 692 2432 777 2492; x_wconf 87' lang='lat' dir='ltr'>ODE</span> <span class='ocrx_word' id='word_1_83' title='bbox 797 2432 850 2492; x_wconf 91' lang='lat' dir='ltr'>VI.</span> 
     </span>
    </p>
   </div>
   <div class='ocr_carea' id='block_1_4' title="bbox 673 2572 880 2613">
    <p class='ocr_par' dir='ltr' id='par_1_4' title="bbox 673 2572 880 2613">
     <span class='ocr_line' id='line_1_22' title="bbox 673 2572 880 2613; baseline 0.01 -2"><span class='ocrx_word' id='word_1_84' title='bbox 673 2572 713 2611; x_wconf 82' lang='lat' dir='ltr'>An</span> <span class='ocrx_word' id='word_1_85' title='bbox 728 2573 880 2613; x_wconf 79' lang='lat' dir='ltr'><strong>ROMANOS.</strong></span> 
     </span>
    </p>
   </div>
   <div class='ocr_carea' id='block_1_5' title="bbox 435 2673 1021 3064">
    <p class='ocr_par' dir='ltr' id='par_1_5' title="bbox 435 2673 1021 3064">
     <span class='ocr_line' id='line_1_23' title="bbox 436 2673 982 2751; baseline 0 -19"><span class='ocrx_word' id='word_1_86' title='bbox 436 2673 573 2732; x_wconf 71' lang='lat' dir='ltr'>Dauara</span> <span class='ocrx_word' id='word_1_87' title='bbox 587 2674 724 2751; x_wconf 88' lang='lat' dir='ltr'>majorum</span> <span class='ocrx_word' id='word_1_88' title='bbox 739 2675 897 2750; x_wconf 87' lang='lat' dir='ltr'>immeritus</span> <span class='ocrx_word' id='word_1_89' title='bbox 910 2674 982 2749; x_wconf 90' lang='lat' dir='ltr'>lues,</span> 
     </span>
     <span class='ocr_line' id='line_1_24' title="bbox 436 2753 963 2830; baseline 0 -18"><span class='ocrx_word' id='word_1_90' title='bbox 436 2753 579 2828; x_wconf 86' lang='lat' dir='ltr'>Romane,</span> <span class='ocrx_word' id='word_1_91' title='bbox 595 2756 688 2812; x_wconf 90' lang='lat' dir='ltr'>donec</span> <span class='ocrx_word' id='word_1_92' title='bbox 702 2754 807 2830; x_wconf 87' lang='lat' dir='ltr'>templa</span> <span class='ocrx_word' id='word_1_93' title='bbox 820 2755 963 2828; x_wconf 86' lang='lat' dir='ltr'>refeceris,</span> 
     </span>
     <span class='ocr_line' id='line_1_25' title="bbox 474 2832 948 2909; baseline 0 -18"><span class='ocrx_word' id='word_1_94' title='bbox 474 2833 621 2909; x_wconf 86' lang='lat' dir='ltr'>AEdesque</span> <span class='ocrx_word' id='word_1_95' title='bbox 634 2834 763 2890; x_wconf 88' lang='lat' dir='ltr'>labentes</span> <span class='ocrx_word' id='word_1_96' title='bbox 777 2832 909 2905; x_wconf 82' lang='lat' dir='ltr'>deorum,</span> <span class='ocrx_word' id='word_1_97' title='bbox 918 2845 948 2891; x_wconf 90' lang='lat' dir='ltr'>et</span> 
     </span>
     <span class='ocr_line' id='line_1_26' title="bbox 515 2911 964 2986; baseline 0.002 -18"><span class='ocrx_word' id='word_1_98' title='bbox 515 2912 605 2968; x_wconf 85' lang='lat' dir='ltr'>Foeda</span> <span class='ocrx_word' id='word_1_99' title='bbox 618 2912 700 2986; x_wconf 92' lang='lat' dir='ltr'>nigro</span> <span class='ocrx_word' id='word_1_100' title='bbox 711 2911 863 2968; x_wconf 87' lang='lat' dir='ltr'>simulacra</span> <span class='ocrx_word' id='word_1_101' title='bbox 877 2912 964 2969; x_wconf 84' lang='lat' dir='ltr'>fumo.</span> 
     </span>
     <span class='ocr_line' id='line_1_27' title="bbox 435 2985 1021 3064; baseline -0.003 -16"><span class='ocrx_word' id='word_1_102' title='bbox 435 2989 490 3049; x_wconf 91' lang='lat' dir='ltr'>Dis</span> <span class='ocrx_word' id='word_1_103' title='bbox 502 3000 530 3047; x_wconf 89' lang='lat' dir='ltr'>te</span> <span class='ocrx_word' id='word_1_104' title='bbox 544 2991 682 3046; x_wconf 90' lang='lat' dir='ltr'>minorem</span> <span class='ocrx_word' id='word_1_105' title='bbox 696 2985 774 3063; x_wconf 80' lang='lat' dir='ltr'>qubd</span> <span class='ocrx_word' id='word_1_106' title='bbox 788 2990 872 3064; x_wconf 79' lang='lat' dir='ltr'>geria,</span> <span class='ocrx_word' id='word_1_107' title='bbox 887 2989 1021 3063; x_wconf 87' lang='lat' dir='ltr'>imperas:</span> 
     </span>
    </p>
   </div>
   <div class='ocr_carea' id='block_1_6' title="bbox 434 3068 1094 3143">
    <p class='ocr_par' dir='ltr' id='par_1_6' title="bbox 434 3068 1094 3143">
     <span class='ocr_line' id='line_1_28' title="bbox 434 3068 1094 3143; baseline -0.002 -16"><span class='ocrx_word' id='word_1_108' title='bbox 434 3070 514 3127; x_wconf 89' lang='lat' dir='ltr'>Hinc</span> <span class='ocrx_word' id='word_1_109' title='bbox 527 3087 611 3125; x_wconf 89' lang='lat' dir='ltr'>omne</span> <span class='ocrx_word' id='word_1_110' title='bbox 625 3068 806 3143; x_wconf 90' lang='lat' dir='ltr'>principium,</span> <span class='ocrx_word' id='word_1_111' title='bbox 821 3068 878 3123; x_wconf 91' lang='lat' dir='ltr'>buc</span> <span class='ocrx_word' id='word_1_112' title='bbox 892 3068 965 3124; x_wconf 91' lang='lat' dir='ltr'>refer</span> <span class='ocrx_word' id='word_1_113' title='bbox 978 3068 1094 3126; x_wconf 79' lang='lat' dir='ltr'>exitum.</span> 
     </span>
    </p>
   </div>
   <div class='ocr_carea' id='block_1_7' title="bbox 430 3146 1078 4154">
    <p class='ocr_par' dir='ltr' id='par_1_7' title="bbox 430 3146 1078 4154">
     <span class='ocr_line' id='line_1_29' title="bbox 474 3146 907 3222; baseline -0.002 -18"><span class='ocrx_word' id='word_1_114' title='bbox 474 3146 513 3204; x_wconf 89' lang='lat' dir='ltr'>Di</span> <span class='ocrx_word' id='word_1_115' title='bbox 527 3147 616 3204; x_wconf 88' lang='lat' dir='ltr'>multa</span> <span class='ocrx_word' id='word_1_116' title='bbox 630 3146 754 3222; x_wconf 82' lang='lat' dir='ltr'>neglecti</span> <span class='ocrx_word' id='word_1_117' title='bbox 766 3147 907 3203; x_wconf 88' lang='lat' dir='ltr'>dederunt</span> 
     </span>
     <span class='ocr_line' id='line_1_30' title="bbox 513 3225 909 3300; baseline -0.003 -18"><span class='ocrx_word' id='word_1_118' title='bbox 513 3225 661 3300; x_wconf 86' lang='lat' dir='ltr'>Hesperiae</span> <span class='ocrx_word' id='word_1_119' title='bbox 676 3226 750 3281; x_wconf 89' lang='lat' dir='ltr'>mala</span> <span class='ocrx_word' id='word_1_120' title='bbox 763 3225 909 3282; x_wconf 72' lang='lat' dir='ltr'>luctuosae.</span> 
     </span>
     <span class='ocr_line' id='line_1_31' title="bbox 434 3304 987 3362; baseline 0.002 -1"><span class='ocrx_word' id='word_1_121' title='bbox 434 3304 452 3361; x_wconf 85' lang='lat' dir='ltr'>J</span> <span class='ocrx_word' id='word_1_122' title='bbox 454 3323 499 3362; x_wconf 91' lang='lat' dir='ltr'>am</span> <span class='ocrx_word' id='word_1_123' title='bbox 514 3305 557 3362; x_wconf 93' lang='lat' dir='ltr'>bis</span> <span class='ocrx_word' id='word_1_124' title='bbox 571 3305 714 3362; x_wconf 68' lang='lat' dir='ltr'>Monaeses</span> <span class='ocrx_word' id='word_1_125' title='bbox 728 3316 756 3362; x_wconf 90' lang='lat' dir='ltr'>et</span> <span class='ocrx_word' id='word_1_126' title='bbox 770 3304 871 3360; x_wconf 87' lang='lat' dir='ltr'>Pacori</span> <span class='ocrx_word' id='word_1_127' title='bbox 885 3323 987 3362; x_wconf 91' lang='lat' dir='ltr'>manus</span> 
     </span>
     <span class='ocr_line' id='line_1_32' title="bbox 433 3383 951 3460; baseline 0 -20"><span class='ocrx_word' id='word_1_128' title='bbox 433 3383 501 3441; x_wconf 93' lang='lat' dir='ltr'>Non</span> <span class='ocrx_word' id='word_1_129' title='bbox 516 3384 674 3460; x_wconf 80' lang='lat' dir='ltr'>auspicatos</span> <span class='ocrx_word' id='word_1_130' title='bbox 688 3383 818 3442; x_wconf 89' lang='lat' dir='ltr'>contudit</span> <span class='ocrx_word' id='word_1_131' title='bbox 829 3383 951 3458; x_wconf 87' lang='lat' dir='ltr'>impetus</span> 
     </span>
     <span class='ocr_line' id='line_1_33' title="bbox 473 3462 938 3539; baseline 0 -19"><span class='ocrx_word' id='word_1_132' title='bbox 473 3462 603 3536; x_wconf 86' lang='lat' dir='ltr'>Nostros,</span> <span class='ocrx_word' id='word_1_133' title='bbox 617 3475 646 3521; x_wconf 89' lang='lat' dir='ltr'>et</span> <span class='ocrx_word' id='word_1_134' title='bbox 660 3463 799 3539; x_wconf 86' lang='lat' dir='ltr'>adjecisse</span> <span class='ocrx_word' id='word_1_135' title='bbox 812 3463 938 3538; x_wconf 84' lang='lat' dir='ltr'>praedam</span> 
     </span>
     <span class='ocr_line' id='line_1_34' title="bbox 510 3542 930 3619; baseline 0.002 -20"><span class='ocrx_word' id='word_1_136' title='bbox 510 3542 674 3619; x_wconf 86' lang='lat' dir='ltr'>Torquibus</span> <span class='ocrx_word' id='word_1_137' title='bbox 688 3542 798 3618; x_wconf 85' lang='lat' dir='ltr'>exiguis</span> <span class='ocrx_word' id='word_1_138' title='bbox 811 3543 930 3600; x_wconf 90' lang='lat' dir='ltr'>renidet.</span> 
     </span>
     <span class='ocr_line' id='line_1_35' title="bbox 431 3620 896 3699; baseline 0 -20"><span class='ocrx_word' id='word_1_139' title='bbox 431 3620 510 3679; x_wconf 78' lang='lat' dir='ltr'>Pend</span> <span class='ocrx_word' id='word_1_140' title='bbox 525 3635 693 3699; x_wconf 83' lang='lat' dir='ltr'>occupatam</span> <span class='ocrx_word' id='word_1_141' title='bbox 708 3623 896 3680; x_wconf 89' lang='lat' dir='ltr'>seditionibus</span> 
     </span>
     <span class='ocr_line' id='line_1_36' title="bbox 431 3699 978 3778; baseline -0.002 -19"><span class='ocrx_word' id='word_1_142' title='bbox 431 3699 544 3759; x_wconf 89' lang='lat' dir='ltr'>Delevit</span> <span class='ocrx_word' id='word_1_143' title='bbox 558 3704 655 3759; x_wconf 89' lang='lat' dir='ltr'>urbem</span> <span class='ocrx_word' id='word_1_144' title='bbox 672 3702 769 3759; x_wconf 88' lang='lat' dir='ltr'>Dacus</span> <span class='ocrx_word' id='word_1_145' title='bbox 784 3713 813 3759; x_wconf 90' lang='lat' dir='ltr'>et</span> <span class='ocrx_word' id='word_1_146' title='bbox 827 3701 978 3778; x_wconf 85' lang='lat' dir='ltr'>AEthiops;</span> 
     </span>
     <span class='ocr_line' id='line_1_37' title="bbox 472 3779 887 3851; baseline 0 -14"><span class='ocrx_word' id='word_1_147' title='bbox 472 3779 531 3837; x_wconf 91' lang='lat' dir='ltr'>Hic</span> <span class='ocrx_word' id='word_1_148' title='bbox 545 3780 635 3838; x_wconf 89' lang='lat' dir='ltr'>classe</span> <span class='ocrx_word' id='word_1_149' title='bbox 651 3781 826 3851; x_wconf 88' lang='lat' dir='ltr'>formidatus,</span> <span class='ocrx_word' id='word_1_150' title='bbox 841 3780 887 3837; x_wconf 92' lang='lat' dir='ltr'>ille</span> 
     </span>
     <span class='ocr_line' id='line_1_38' title="bbox 509 3858 910 3934; baseline 0 -20"><span class='ocrx_word' id='word_1_151' title='bbox 509 3858 666 3916; x_wconf 89' lang='lat' dir='ltr'>Missilibus</span> <span class='ocrx_word' id='word_1_152' title='bbox 680 3859 779 3914; x_wconf 88' lang='lat' dir='ltr'>melior</span> <span class='ocrx_word' id='word_1_153' title='bbox 793 3859 910 3934; x_wconf 88' lang='lat' dir='ltr'>sagittis.</span> 
     </span>
     <span class='ocr_line' id='line_1_39' title="bbox 432 3934 933 4012; baseline -0.002 -18"><span class='ocrx_word' id='word_1_154' title='bbox 432 3934 581 3995; x_wconf 81' lang='lat' dir='ltr'>Foecunda</span> <span class='ocrx_word' id='word_1_155' title='bbox 594 3937 686 4012; x_wconf 71' lang='lat' dir='ltr'>culpae</span> <span class='ocrx_word' id='word_1_156' title='bbox 700 3935 806 3993; x_wconf 72' lang='lat' dir='ltr'>saccula</span> <span class='ocrx_word' id='word_1_157' title='bbox 819 3937 933 4011; x_wconf 88' lang='lat' dir='ltr'>nuptias</span> 
     </span>
     <span class='ocr_line' id='line_1_40' title="bbox 430 4013 1078 4091; baseline 0 -17"><span class='ocrx_word' id='word_1_158' title='bbox 430 4015 559 4074; x_wconf 80' lang='lat' dir='ltr'>Primirm</span> <span class='ocrx_word' id='word_1_159' title='bbox 573 4013 757 4091; x_wconf 79' lang='lat' dir='ltr'>inquinavbre</span> <span class='ocrx_word' id='word_1_160' title='bbox 772 4026 801 4072; x_wconf 89' lang='lat' dir='ltr'>et</span> <span class='ocrx_word' id='word_1_161' title='bbox 814 4035 906 4091; x_wconf 88' lang='lat' dir='ltr'>genus</span> <span class='ocrx_word' id='word_1_162' title='bbox 919 4025 948 4073; x_wconf 87' lang='lat' dir='ltr'>et</span> <span class='ocrx_word' id='word_1_163' title='bbox 962 4015 1078 4074; x_wconf 86' lang='lat' dir='ltr'>domos:</span> 
     </span>
     <span class='ocr_line' id='line_1_41' title="bbox 469 4095 875 4154; baseline -0.002 -1"><span class='ocrx_word' id='word_1_164' title='bbox 469 4096 536 4154; x_wconf 90' lang='lat' dir='ltr'>Iloc</span> <span class='ocrx_word' id='word_1_165' title='bbox 550 4097 626 4154; x_wconf 89' lang='lat' dir='ltr'>sonte</span> <span class='ocrx_word' id='word_1_166' title='bbox 641 4096 765 4153; x_wconf 90' lang='lat' dir='ltr'>derivata</span> <span class='ocrx_word' id='word_1_167' title='bbox 779 4095 875 4153; x_wconf 86' lang='lat' dir='ltr'>clades</span> 
     </span>
    </p>
   </div>
   <div class='ocr_carea' id='block_1_8' title="bbox 1247 2993 1270 3050">
    <p class='ocr_par' dir='ltr' id='par_1_8' title="bbox 1247 2993 1270 3050">
     <span class='ocr_line' id='line_1_42' title="bbox 1247 2993 1270 3050; baseline 0 0"><span class='ocrx_word' id='word_1_168' title='bbox 1247 2993 1270 3050; x_wconf 88' lang='grc'><strong><em>5</em></strong></span> 
     </span>
    </p>
   </div>
   <div class='ocr_carea' id='block_1_9' title="bbox 0 0 1546 4900">
    <p class='ocr_par' dir='ltr' id='par_1_9' title="bbox 0 0 1546 4900">
     <span class='ocr_line' id='line_1_43' title="bbox 0 0 1546 4900; baseline 0 4"><span class='ocrx_word' id='word_1_169' title='bbox 0 0 1546 4900; x_wconf 95' lang='lat' dir='ltr'> </span> 
     </span>
    </p>
   </div>
  </div>
 </body>
</html>
