3084 4900
543 540 751 590 SATlRARUM
768 541 834 590 LlB.
851 542 873 590 l.
891 545 929 591 10.

279 680 360 740 Men'
374 692 485 741 moveat
498 682 593 741 cimex
606 682 766 742 Pantilius?
787 694 836 742 aut
849 686 971 759 crucier,
985 684 1063 761 qubd

279 762 405 820 Vellicet
418 763 565 820 absentem
579 762 753 836 Demetrius,
768 776 826 837 aut,
840 761 918 839 qubd
932 765 1046 842 ineptus

278 840 408 899 Fannius
421 841 614 917 Hermogenis
627 842 711 899 laedat
725 843 844 900 conviva
858 842 986 919 Tigellil

278 918 389 978 Plotius
403 932 432 978 et
444 921 559 992 Varius,
576 919 722 978 Maecenas
736 921 940 998 virgiliusque,

278 998 409 1076 Valgius,
422 1011 452 1057 et
464 998 563 1075 probet
577 1000 639 1057 haec
652 999 790 1057 Octavius
803 1000 936 1077 optimus,
950 1012 1035 1077 atque

278 1077 391 1135 Fuscus
402 1098 409 1148 余
431 1089 460 1135 et
473 1079 536 1135 haec
549 1078 658 1136 utinam
673 1078 824 1137 Viscorum
838 1080 935 1138 laudet
948 1092 1083 1156 uterque余

278 1156 446 1215 Ambitione
459 1157 594 1232 relegati,
608 1169 636 1215 te
650 1158 746 1215 dicere
759 1177 885 1234 possum,

278 1234 379 1307 Pollio,
390 1246 429 1308 te,
441 1235 574 1309 Messala,
588 1246 637 1294 tuo
650 1255 717 1293 curu
732 1238 833 1307 fratre余
855 1237 996 1314 simulque
1190 1241 1230 1297 85

278 1314 349 1388 Vos,
363 1314 465 1373 Bibule
478 1326 507 1373 et
521 1315 609 1385 eervi余
631 1316 715 1373 simul
729 1317 774 1373 his
787 1328 826 1389 te,
838 1318 961 1374 candide
975 1316 1082 1375 Fumi:

279 1393 447 1469 Complures
460 1393 540 1466 alios,
554 1396 654 1452 doctos
667 1414 722 1470 ego
732 1414 802 1471 quos
815 1406 844 1453 et
858 1396 965 1453 amicos

278 1472 408 1531 Prudens
420 1484 566 1548 pretereo,
580 1474 682 1548 quibus
696 1475 768 1547 haec,
783 1475 840 1532 sint
853 1475 1070 1551 qualiacunque,

279 1552 415 1610 Arridere
429 1553 530 1623 velim3
552 1554 701 1625 doliturus,
715 1554 739 1610 si
754 1554 888 1629 placeant
903 1574 953 1629 spe

278 1628 414 1690 Deteriirs
426 1632 531 1689 nostrai.
565 1632 703 1704 Demetri,
717 1641 810 1708 teque,
825 1632 941 1708 Tigelli,

279 1710 491 1787 Discipularum
505 1709 578 1768 iuter
589 1710 676 1786 jubeo
689 1710 799 1787 plorare
814 1712 972 1768 cathedras.

318 1788 344 1863 I,
357 1808 438 1867 puer,
451 1799 614 1925 atqibemeo
627 1790 701 1847 citus
714 1790 777 1847 haec
790 1790 936 1848 subscribe
950 1789 1052 1848 libello.
