3084 4900
592 604 624 661 Q.
641 603 789 654 HORATII
806 605 930 654 nancel

432 745 541 821 Foetus,
556 746 692 806 incolumi
707 748 842 806 Caesarei
862 748 925 824 quis
938 747 1005 806 ferae

590 826 703 885 Bellum
717 839 798 886 curet
812 827 934 885 lberiaet

431 907 538 964 Condit
550 908 668 983 quisque
682 908 757 965 diem
774 908 893 965 collibus
906 907 937 964 in
950 904 1021 980 suis,

431 985 470 1042 Et
483 987 569 1043 vitem
583 988 683 1044 viduas
696 987 777 1044 ducit
790 988 827 1044 ad
841 986 972 1044 arbores:

432 1064 513 1122 Hinc
528 1065 564 1122 ad
578 1066 644 1122 vina
657 1066 731 1122 redit
743 1065 834 1135 taerus,
848 1074 877 1121 et
891 1063 987 1121 alteris

590 1144 636 1201 Te
650 1144 756 1200 mensis
770 1144 887 1200 adhibet
900 1143 1004 1199 deum:

431 1223 478 1280 Te
491 1222 581 1279 multa
594 1242 688 1298 prece,
703 1233 731 1279 te
746 1222 924 1297 prosequitur
938 1239 1017 1279 mero

431 1302 540 1359 Defuso
552 1302 673 1377 pateris;
694 1312 723 1358 et
737 1301 858 1358 Laribus
871 1311 952 1357 tuum

430 1379 536 1438 Miscet
549 1399 666 1454 numen,
681 1380 723 1437 nti
736 1381 850 1438 Graecia
864 1378 991 1437 Castoris

588 1459 627 1517 Et
640 1460 737 1536 magni
751 1479 859 1517 memor
873 1458 1019 1518 Herculis·

431 1538 576 1615 “Longas
589 1558 607 1596 o
621 1541 740 1611 utinam,
754 1541 813 1596 dux
826 1540 911 1611 bone,
925 1538 1010 1595 ferias

431 1617 551 1675 Praestes
565 1618 713 1695 Hesperia
723 1621 748 1677 !'’
771 1620 894 1677 dicimus
908 1619 1019 1694 integro

432 1698 511 1755 Sicci
524 1694 610 1755 mand
626 1699 682 1772 die,
697 1699 820 1757 dicimus
833 1697 921 1770 uvidi,

588 1777 690 1839 Quum
704 1780 745 1837 sol
759 1779 879 1837 Oceano
893 1777 997 1835 subest.

697 2090 782 2148 ODE
801 2091 838 2149 V.

648 2229 688 2267 An
702 2227 885 2267 APOLLINEM.

430 2332 520 2403 Drvn,
533 2350 617 2407 quem
631 2330 724 2406 proles
738 2329 852 2388 Niobea
864 2350 977 2408 magna

430 2412 585 2471 Vindicem
599 2410 715 2487 lingue,
730 2409 888 2486 Tityosque
902 2417 1006 2488 r‘aptor,

431 2492 536 2565 Sensit,
550 2501 579 2550 et
593 2491 689 2566 Trojae
702 2488 790 2567 prope
805 2491 893 2550 victor
907 2491 971 2549 altae

587 2571 708 2629 Phthius
722 2571 862 2644 Achilles,

430 2652 549 2710 Caeteris
562 2651 660 2728 nrajor,
675 2651 726 2708 tibi
740 2652 822 2709 miles
836 2651 942 2729 impar;

429 2732 522 2791 Filius
536 2750 698 2807 quanquam
711 2730 854 2790 Thetidos
868 2732 986 2790 marine

429 2811 578 2869 Dardanas
592 2823 683 2869 turres
696 2822 825 2885 quateret
837 2810 987 2869 tremendi

587 2890 713 2965 Cuspide
727 2908 859 2964 pugnax:

428 2969 492 3041 Ille,
506 2969 632 3025 mordaci
646 2967 722 3024 velut
736 2968 793 3024 icta
807 2967 880 3025 ferro

428 3046 527 3118 Pinus,
541 3057 590 3103 aut
603 3046 724 3121 impulsa
737 3064 888 3120 cupressus
901 3046 989 3119 Euro,

428 3126 554 3184 Procidit
567 3123 634 3196 late,
648 3125 798 3201 posuitque
809 3125 913 3182 collum
927 3125 957 3183 in

585 3204 706 3261 Pulvere
721 3204 846 3261 Teucro.

428 3283 481 3342 Ille
495 3302 563 3355 non,
578 3283 705 3340 inclusus
719 3302 792 3356 equo
806 3281 944 3340 Minervae

428 3365 516 3421 Sacra
529 3363 658 3434 mentito,
673 3359 747 3418 maid
762 3362 876 3419 feriatos

428 3442 521 3500 Troas
534 3454 563 3500 et
576 3443 669 3500 laetam
683 3441 790 3500 Priami
805 3441 917 3500 choreis

587 3521 711 3581 Falleret
725 3523 819 3580 aulam
832 3541 839 3580 ε

429 3602 487 3660 Sed
502 3601 595 3679 paldm
609 3603 699 3680 captis
712 3603 815 3680 gravis,
830 3603 887 3660 heu
900 3600 994 3661 nefas!
1015 3599 1074 3658 heu
1089 3602 1096 3657 i

427 3680 458 3738 N
460 3684 551 3740 escios
565 3683 617 3740 fari
629 3702 733 3758 pueros
747 3682 867 3740 Achivis

428 3760 530 3819 Ureret
544 3761 676 3832 fiammis,
690 3763 776 3819 etiam
791 3763 926 3819 latentem

587 3839 688 3896 Matris
703 3841 732 3896 in
747 3840 825 3908 alv03

428 3917 480 3993 Ni,
494 3918 551 3977 tuis
564 3919 655 3976 victus
669 3918 846 3993 Venerisque
859 3927 947 3993 gratur

428 3999 567 4071 Vocibus,
581 3997 677 4056 divirm
692 3997 776 4054 Pater
791 3997 937 4055 adnuisset

428 4077 531 4136 Rebus
546 4078 647 4136 AEneae
660 4077 768 4153 potiore
782 4077 883 4134 ductos

585 4157 664 4216 Alite
679 4176 784 4215 muros.
