3084 4900
606 614 643 670 Q.
662 613 808 662 HORATII
826 613 959 664 FLACCI.

451 755 585 834 Impune,
599 757 682 829 Lolli,
697 776 813 833 carpere
827 757 927 814 lividas

450 837 625 895 Obliviones.
660 837 713 894 Est
727 837 839 893 unimus
852 836 903 894 tibi
933 885 934 888 ,

442 953 448 972 r
491 917 658 991 Rerumque
672 917 808 991 prudens,
822 927 850 973 et
864 915 999 973 secundis

531 996 722 1071 Temporibus
736 995 886 1069 dubiisque
900 1005 995 1051 rectus
1003 1013 1012 1063 ;

451 1075 566 1131 Vindex
580 1093 669 1130 avarae
685 1073 800 1143 fraudiS,
816 1084 845 1129 et
859 1073 1006 1131 abstinens

451 1153 592 1210 Ducentis
606 1153 642 1207 ad
656 1171 686 1207 se
701 1161 807 1207 cuncta
820 1151 967 1225 pecuniae3

491 1232 655 1304 Consulque
669 1249 727 1286 non
742 1230 828 1285 unius
842 1230 920 1300 anni,

531 1310 589 1366 Sed
602 1309 711 1382 quoties
725 1308 817 1363 bonus
832 1318 914 1381 atque
928 1307 1003 1364 fidus

452 1388 470 1444 J
472 1388 547 1444 udex
560 1389 710 1443 honestum
725 1387 848 1461 praetulit
861 1385 932 1459 utili,
946 1396 976 1443 et

452 1467 567 1541 Rejecit
581 1466 636 1521 alto
650 1465 725 1522 dona
739 1465 905 1522 nocentium

491 1546 590 1616 Vultu,
605 1555 633 1600 et
646 1564 695 1618 per
709 1544 853 1601 obstantes
868 1555 995 1601 catervas

531 1624 675 1698 Explicuit
689 1643 740 1679 sua
754 1624 843 1680 victor
857 1641 943 1679 arma.
974 1667 994 1673 ‚v

454 1702 523 1761 Non
536 1702 728 1778 possidentem
742 1704 831 1759 multa
844 1700 988 1760 vocaveris

453 1780 548 1839 Recte
563 1783 694 1838 beatum:
716 1780 822 1839 rectius
835 1791 958 1857 occupat

333 1869 339 1908 ἰ
389 1871 392 1875 ’
492 1861 606 1919 Nomen
622 1861 705 1933 beati,
720 1861 768 1935 qui
783 1862 901 1918 deorum

532 1938 701 1998 Muneribus
715 1941 857 2014 sapienter
871 1940 922 2012 uti,

452 2019 617 2093 Duramque
632 2019 715 2074 cullet
728 2019 891 2093 pauperiem
905 2020 974 2093 pati,

452 2098 592 2174 Pejusque
606 2096 663 2153 leto
676 2096 815 2170 flagitium
828 2096 925 2167 timet;

492 2175 562 2233 Non
576 2175 623 2231 ille
636 2193 687 2250 pro
700 2174 774 2230 caris
788 2174 888 2231 amicis

532 2255 593 2310 Aut
605 2253 697 2329 patriti
711 2252 827 2308 timidus
841 2253 941 2328 perire.

716 2570 801 2630 ODE
815 2572 870 2632 IX.

675 2712 716 2751 AD
730 2713 910 2754 LIGURINUM.

376 2809 404 2868 Ο
419 2829 565 2869 cnunnms
580 2813 685 2883 adhuc,
699 2823 729 2869 et
741 2813 865 2869 Veneris
879 2814 1045 2872 muneribus
1058 2823 1169 2891 potens,

375 2888 524 2966 Insperata
537 2902 593 2948 tuae
607 2908 694 2966 quum
708 2890 803 2947 veniet
816 2887 913 2964 pluma
927 2894 1076 2967 superbiae,

375 2968 422 3040 Et,
436 2987 499 3043 quae
513 2989 592 3043 nunc
605 2967 731 3024 humeris
744 2968 901 3039 involitant‚
916 2970 1075 3027 deciderint
1088 2989 1190 3045 comae,

375 3045 465 3103 Nunc
479 3058 508 3104 et
520 3049 568 3122 qui
580 3047 656 3104 color
670 3056 713 3102 est
726 3045 857 3121 puniceae
871 3046 939 3103 flore
953 3049 1028 3122 prior
1042 3068 1113 3105 rosae

377 3124 505 3182 Mutatus
519 3126 689 3201 Ligurinum
704 3124 734 3181 in
749 3125 851 3181 faciem
866 3127 979 3182 verterit
990 3128 1147 3203 hispidam;
1267 3131 1289 3187 5

376 3204 475 3275 Dices,
490 3209 508 3235 “
519 3204 619 3261 Heu!’'
637 3201 759 3280 (quoties
773 3214 801 3259 te
816 3204 844 3259 in
860 3204 976 3279 speculo
989 3206 1093 3264 videris
1106 3207 1241 3288 alterum)

379 3284 483 3343 “Quae
498 3302 579 3341 mens
593 3294 636 3343 est
651 3282 744 3353 hodie,
760 3301 812 3338 cur
826 3284 927 3339 eadem
941 3302 998 3341 non
1012 3304 1101 3360 puero
1115 3286 1188 3344 suitl

376 3362 431 3419 Vel
446 3380 496 3419 cur
511 3363 555 3419 his
568 3361 670 3420 animis
684 3361 842 3418 incolumes
856 3381 913 3418 non
928 3363 1049 3421 redeunt
1061 3383 1144 3441 genic
1154 3365 1185 3423 l”

723 3680 807 3738 ODE
820 3680 867 3738 X.

673 3819 713 3855 An
728 3811 911 3856 Pitumnum,

456 3914 518 3972 Esr
533 3915 602 3972 milri
616 3934 724 3971 nonum
738 3915 898 3991 superantis
911 3935 1019 3973 annum

456 3994 562 4052 Plenus
576 3994 682 4052 Albani
696 3996 801 4052 cadus:
823 4005 866 4051 est
879 3993 909 4050 in
923 3995 1014 4069 horto,

457 4072 560 4148 Phylli,
574 4075 723 4131 nectendis
737 4074 832 4149 apium
846 4074 971 4132 coronis:

693 4153 746 4210 Est
760 4155 872 4211 hederae
885 4153 927 4210 vis
