3084 4900
204 682 213 690 ..
301 633 354 690 124
623 629 654 685 Q·
672 628 819 677 HORATlI
835 627 959 677 FLACCI

336 775 385 830 An
400 783 431 831 tu
445 772 515 831 reris
528 791 595 830 eum
608 772 705 831 occisit
718 770 860 829 insanisse
873 772 1010 847 parentet

337 852 382 909 Ac
396 872 454 909 non
468 849 534 910 antri
549 851 632 909 malis
646 853 807 908 dementem
822 862 918 908 actum
932 850 1036 924 Furiis,
1050 848 1137 927 quim
1230 854 1288 912 135

335 930 371 987 In
385 932 482 988 matris
493 932 591 1007 jugulo
606 932 711 988 ferrum
724 930 859 1005 tepefecit
872 931 1009 987 acutuml

333 1009 426 1082 Quin,
440 1030 476 1067 ex
489 1030 544 1084 quo
557 1022 601 1068 est
614 1010 728 1066 habitus
741 1006 815 1065 male
831 1019 898 1066 tutae
913 1009 1017 1066 mentis
1030 1008 1157 1083 Orestes,

334 1088 384 1145 Nil
399 1088 468 1147 sani}
485 1090 552 1147 fecit
565 1091 640 1163 quod
654 1099 685 1146 tu
699 1086 871 1164 reprtindere
884 1087 992 1162 possis:

333 1167 401 1225 Non
416 1169 542 1243 Pyladen
557 1168 629 1225 ferro
643 1167 746 1223 violare
760 1185 880 1223 aususve
894 1185 1018 1224 sororem

334 1245 492 1304 Electram:
513 1245 626 1303 tantum
639 1245 783 1302 maledicit
797 1246 917 1319 utrique,
931 1245 1060 1304 vocando
1228 1248 1285 1305 140

335 1325 420 1382 Hanc
434 1326 559 1396 Furiam,
574 1326 651 1382 hunc
665 1325 751 1395 aliud,
763 1324 847 1399 jussit
861 1325 935 1398 quod
950 1325 1099 1400 splendida
1111 1325 1185 1384 bilis.

333 1403 444 1480 Pauper
458 1404 589 1480 Opimius
604 1403 713 1478 argenti
726 1404 810 1479 positi
824 1404 902 1460 intus
915 1414 944 1460 et
957 1404 1028 1476 auri,

332 1483 395 1543 Qui
409 1483 601 1540 Veientanum
616 1483 693 1539 sestis
706 1494 804 1558 potare
818 1483 919 1539 diebus

334 1561 483 1637 Campani
497 1562 595 1619 solitus
608 1562 702 1633 trulli,
716 1580 891 1637 vappamque
904 1561 1045 1637 profestis,

333 1639 490 1700 Quondam
504 1641 632 1715 lethargo
646 1641 746 1716 grandi
760 1649 804 1697 est
816 1658 976 1716 oppressus,
990 1652 1022 1698 ut
1035 1641 1127 1698 haeres
1227 1642 1284 1700 145

335 1719 353 1775 J
356 1739 401 1776 am
415 1720 524 1776 circum
538 1719 645 1777 loculos
659 1731 689 1776 et
701 1720 796 1776 claves
809 1720 890 1777 laetus
903 1738 1045 1793 ovansque

334 1797 484 1856 Curreret:
506 1800 583 1856 hunc
597 1798 725 1856 medicus
739 1797 859 1857 multum
874 1800 950 1855 celer
964 1808 1047 1872 atque
1060 1797 1152 1856 fidelis

334 1876 451 1935 Excitat
465 1880 518 1936 hoc
532 1890 631 1955 pacto:
653 1897 782 1934 mensam
795 1879 862 1954 poni
875 1877 964 1953 jubet,
981 1888 1065 1952 atque

334 1957 449 2014 Effundi
465 1976 563 2014 saccos
577 1976 777 2026 nummorum3
799 1958 937 2014 accedere
950 1956 1046 2032 plures

333 2036 381 2091 Ad
396 2037 621 2093 numerandum:
643 2036 787 2092 hominem
801 2036 844 2092 sic
857 2035 948 2114 erigit.
982 2034 1075 2093 Addit
1086 2045 1117 2094 et
1129 2035 1215 2093 illud:
1227 2037 1284 2094 150

334 2113 393 2170 ‘Ni
406 2125 456 2171 tua
470 2115 604 2185 custodis,
619 2114 718 2171 avidus
729 2113 789 2188 jam
803 2115 865 2169 haec
879 2114 988 2171 auferet
1002 2115 1111 2172 haeres.³

333 2191 434 2249 ‘Men’
450 2192 512 2250 vivo
521 2194 540 2249 l’
563 2193 620 2251 ‘Ut
633 2192 709 2248 vivas
722 2192 818 2267 igitur,
832 2192 933 2268 vigila:
955 2194 1009 2250 hoc
1023 2212 1083 2269 age.

413 2271 511 2332 ‘Quid
525 2271 593 2328 visl’

334 2349 497 2408 ‘Deficient
510 2349 624 2425 inopem
638 2368 718 2406 venae
731 2360 770 2421 tc,
784 2349 816 2406 ni
829 2348 911 2406 cibus
924 2359 1008 2425 atque

333 2427 440 2505 Ingens
455 2430 573 2488 accedat
586 2430 732 2487 stomacho
747 2428 852 2487 fultura
864 2429 969 2488 ruenti.

333 2508 382 2564 Tu
393 2510 506 2567 cessasl
527 2509 659 2585 agedum,
675 2527 755 2567 sume
767 2510 822 2568 hoc
835 2509 1020 2586 ptisanarium
1030 2511 1143 2584 oryzae?
1226 2513 1284 2570 155

333 2587 464 2649 ‘Quanti
477 2599 578 2665 emptae
584 2589 605 2646 l'
627 2589 752 2648 ‘Parvo'
775 2588 904 2651 ‘Quanti
917 2608 985 2666 ergo
992 2590 1013 2647 l'
1035 2589 1241 2648 ‘Octussibus'

412 2667 531 2726 ‘Eheul

332 2746 413 2808 Quid
427 2748 512 2807 refert
525 2748 624 2808 morbo
637 2767 674 2805 an
689 2748 769 2806 furtis
782 2767 932 2824 pereamve
945 2746 1052 2826 rapinis
1060 2749 1080 2806 l'
1093 2748 1113 2807 ”v

334 2827 507 2888 “Quisnam
520 2828 616 2963 Tigitur
640 2828 766 2885 sanusl”
809 2827 901 2889 “Qui
919 2847 978 2885 non
997 2827 1125 2886 stultus.'’
1168 2827 1283 2890 “Quid

412 2908 541 2963 avarus'

334 2987 352 3014 “
367 2984 476 3041 Stultus
489 2995 518 3040 et
531 2984 676 3044 insanus.’'
718 2989 737 3015 “
748 2983 852 3044 Quint
871 2984 895 3041 si
908 2984 972 3059 quis
985 3002 1043 3041 non
1056 2983 1093 3041 sit
1106 3003 1215 3043 avarus.

333 3058 480 3120 Continui>
503 3064 626 3119 sanusl'’
669 3068 687 3094 ‘⁴
697 3059 848 3120 Minime.''
898 3067 916 3093 “
929 3063 998 3136 Cur,
1023 3064 1121 3121 Stoice
1129 3066 1160 3121 l''
1201 3064 1284 3122 “Di-

412 3159 484 3197 cam.
1225 3145 1283 3202 160

334 3217 419 3277 ‘Non
433 3229 475 3276 est
489 3220 656 3291 cardiacus,'
673 3220 823 3276 Craterum
837 3219 942 3276 dixisse
955 3229 1062 3297 putato,

334 3298 410 3354 ‘Hic
425 3301 517 3373 aeger!
553 3298 666 3355 ‘Recte
681 3310 724 3356 est
737 3298 834 3373 igitur,
849 3301 1029 3374 surgetquel'
1070 3299 1100 3356 N
1102 3300 1208 3376 egabit,

332 3374 424 3437 Quod
437 3377 510 3434 latus
521 3387 570 3435 aut
583 3396 667 3434 renes
680 3378 779 3434 morbo
791 3388 936 3434 tententur
950 3390 1043 3435 acuto.

333 3454 401 3513 Non
415 3466 458 3512 est
471 3456 610 3532 perjurus,
625 3476 717 3532 neque
731 3456 876 3525 sordidus3
898 3457 1025 3515 immolet
1038 3457 1126 3532 aequis

334 3533 392 3591 Hic
405 3553 523 3610 porcum
537 3536 674 3593 Laribus:
695 3534 794 3595 verbm
809 3537 973 3594 ambitiosus
987 3547 1015 3593 et
1029 3537 1139 3606 audax;
1222 3538 1281 3596 165

332 3611 457 3689 Naviget
471 3615 655 3690 Anticyram:
676 3617 744 3690 quid
759 3616 837 3672 enim
850 3616 954 3687 differt,
970 3615 1139 3673 barathrone

332 3689 432 3750 Dones
444 3693 581 3768 quidquid
595 3695 692 3767 habes,
707 3714 744 3751 an
758 3713 904 3770 nunquam
917 3705 997 3751 utare
1010 3694 1135 3770 paratisl

333 3771 450 3828 Servius
463 3772 605 3848 Oppidius
618 3772 727 3830 Canusi
742 3774 799 3830 duo
812 3773 928 3850 praedia,
943 3773 1023 3830 dives

333 3849 461 3925 Antiquo
474 3870 573 3922 censu,
587 3852 681 3926 gnatis
694 3850 799 3908 divisse
813 3852 925 3908 duobus

333 3927 446 4002 Fertur,
461 3939 490 3987 et
504 3931 565 3987 haec
579 3931 703 3987 moriens
716 3931 812 4006 pueris
826 3930 930 3987 dixisse
945 3932 1051 3989 vocatis
1223 3933 1280 3992 170

333 4007 382 4063 Ad
395 4007 518 4065 lectum:
539 4009 711 4082 ‘Postquam
726 4020 755 4066 te
767 4010 849 4081 taloS,
864 4010 949 4083 Aule,
963 4030 1110 4086 nucesque

333 4085 420 4142 Ferre
434 4087 498 4143 sinu
512 4087 585 4159 laxo,
600 4088 705 4144 donare
719 4100 748 4146 et
761 4088 859 4145 ludere
874 4089 949 4160 vidi;

331 4163 388 4237 Te,
402 4164 513 4239 Tiberi,
528 4185 688 4240 numerare,
699 4167 776 4224 cavis
789 4168 966 4227 abscondere
978 4170 1103 4240 tristem;
