3084 4900
542 641 742 701 CARMINUM
759 652 825 701 LIB.
842 653 892 702 111.

492 793 584 852 Velox
597 804 693 851 mente
706 794 800 852 noviti
832 794 948 856 Quibus

335 873 436 934 Antris
449 873 557 949 egregii
570 872 693 930 Caesaris
707 874 806 930 audiar

493 951 646 1009 AEternum
659 952 802 1009 meditans
816 952 905 1010 decus

336 1031 432 1090 Stellis
445 1030 569 1087 inserere
583 1041 612 1088 et
625 1030 744 1090 consilio
757 1030 854 1089 Jovist

493 1108 597 1165 Dicam
610 1109 734 1184 insigne,
748 1128 860 1182 recens,
874 1110 970 1168 adhuc

335 1187 481 1247 Indictum
494 1206 543 1245 ore
557 1187 620 1245 alio.
654 1187 723 1246 Non
736 1207 821 1245 secus
835 1188 865 1245 in
876 1188 958 1265 jugis¹
976 1217 978 1219 ·

492 1265 645 1324 Exsomnis
658 1277 753 1342 stupet
766 1266 862 1339 Etim,

335 1345 466 1404 Hebrum
478 1344 662 1422 prospiciens,
676 1357 706 1402 et
718 1347 784 1403 nive
798 1345 963 1415 candidum

492 1424 637 1497 Thracen,
651 1444 686 1481 ac
698 1426 772 1501 pede
787 1425 906 1483 barbaro
947 1416 958 1464 s

334 1502 496 1561 Lustratam
509 1504 679 1579 Rhodopen.
715 1504 754 1562 Ut
766 1504 838 1560 mihi
851 1503 934 1562 devio

263 1633 267 1638 .
494 1583 586 1657 Ripae
599 1593 629 1639 et
642 1600 763 1639 vacuum
778 1601 881 1639 nemus

336 1658 437 1719 Mirari
449 1661 533 1717 libet!
568 1660 596 1718 Ο
610 1660 756 1717 Naiadum
770 1671 881 1736 potens,

494 1738 729 1813 Baccharumque
742 1739 897 1795 valentium

335 1817 472 1877 Proceras
486 1816 617 1873 manibus
629 1827 738 1873 vertere
752 1817 890 1873 fraxinos!

494 1893 545 1952 Nil
559 1913 686 1970 parvum,
700 1905 749 1951 aut
762 1895 862 1952 humili
875 1894 971 1968 modo,

335 1974 386 2034 Nil
400 1974 517 2033 mortale
530 1974 636 2049 loquar.
671 1973 765 2031 Dulce
778 1973 949 2049 periculum,

493 2052 522 2110 Ο
536 2052 651 2125 Ienaee,
666 2053 745 2128 sequi
759 2053 846 2110 deum
906 2053 922 2114 s

336 2131 508 2210 cingentem
522 2132 603 2190 viridi
616 2142 743 2208 tempora
755 2132 905 2210 pampino!

623 2445 708 2505 ODE
721 2446 793 2507 XX.

598 2583 639 2620 AD
659 2583 816 2622 munuum.

375 2684 448 2740 err
462 2680 573 2739 choreis
588 2698 679 2754 nuper
693 2679 823 2753 idoneus,

375 2762 413 2820 Et
427 2759 544 2817 militavi
558 2777 615 2814 non
630 2758 692 2814 sine
705 2758 813 2833 gloria:

415 2838 507 2896 Nunc
520 2856 597 2894 arma
610 2836 834 2913 defunctumque
847 2837 922 2898 bello

453 2916 589 2974 Barbitou
602 2917 649 2973 hic
662 2917 755 2992 paries
766 2916 890 2990 habehit,

375 2998 492 3055 Laevum
506 2996 622 3052 marinae
639 2997 687 3071 qui
701 2996 823 3054 Veneris
835 2996 911 3054 latus

375 3076 517 3135 Custodit.
559 3073 628 3146 Hic,
643 3073 691 3132 hic
704 3076 801 3151 ponite
814 3075 910 3133 lucida

415 3153 537 3211 Funalia
550 3164 579 3210 et
592 3164 687 3210 vectes
701 3165 729 3210 et
743 3173 828 3211 arcus

404 3235 406 3241 ’
454 3231 601 3307 Oppositis
615 3231 720 3289 foribus
734 3234 871 3291 minaces.
963 3275 966 3297 s

377 3312 405 3369 Ο
418 3331 481 3386 quae
495 3312 616 3382 beatam,
631 3311 704 3383 diva,
719 3321 801 3369 tenes
815 3312 953 3388 Cyprum,
964 3320 996 3370 et

376 3389 525 3465 Memphin
540 3400 684 3446 carentem
700 3390 833 3449 Sithonia
847 3391 922 3462 nive,
953 3402 964 3449 j

414 3468 540 3543 Regina,
555 3467 668 3523 sublimi
682 3467 794 3543 flagello

454 3546 558 3620 Tange
573 3544 686 3602 Chloen
700 3547 789 3603 semel
803 3554 991 3622 arrogantem.

601 3834 702 3916 'oon
715 3858 802 3919 xxr.

590 3997 631 4036 Ao
652 3996 824 4060 ehuh‘ruhu.

376 4095 482 4153 Imrros
494 4115 584 4171 parrae
597 4097 752 4154 recinentis
765 4116 850 4156 omen

376 4173 482 4244 Ducat,
495 4185 524 4232 et
536 4195 687 4252 pregnans
701 4176 791 4249 oanis,
805 4187 854 4235 aut
867 4173 904 4235 ab
917 4194 987 4254 agre
