3084 4900
290 619 348 677 142
609 616 640 672 Q.
659 615 805 663 Hortarii
823 613 956 664 rancor.

332 759 442 818 Erucas
455 760 570 833 virides,
585 759 679 817 inulas
692 778 747 835 ego
759 758 868 835 primus
882 777 993 816 amaras
1057 759 1059 763 ⁴

329 839 487 898 Monstravi
501 842 671 915 incoquere3
693 839 788 896 illutos
803 838 940 895 Curtillus
954 836 1085 911 echinos,

328 918 367 975 Ut
380 917 482 977 melitis
506 920 698 994 murid,quam
712 930 785 977 testa
799 918 908 975 marina
921 916 1065 974 remittit''

329 997 444 1055 Interea
458 1018 596 1075 suspensa
609 1017 709 1074 graves
724 998 814 1053 aulaea
827 998 925 1054 ruinas

329 1076 365 1133 In
379 1078 504 1153 patinam
518 1076 623 1148 fecere,
638 1077 780 1134 trahentia
792 1076 915 1151 pulveris
929 1074 981 1131 atri

329 1156 481 1217 Quantum
490 1168 552 1213 'non
567 1156 673 1231 Aquilo
688 1155 843 1230 Campanis
857 1156 963 1212 excitat
976 1153 1059 1229 agris.

330 1234 392 1292 Nos
407 1236 498 1312 majus
512 1236 602 1307 veriti,
617 1245 763 1311 postquam
779 1233 849 1291 nihil
865 1254 927 1291 esse
941 1233 1042 1309 pericli

331 1314 489 1386 Sensimus
504 1315 646 1389 erigimur.
689 1312 786 1369 Rufus
799 1314 890 1387 posito
904 1313 1007 1388 capite,
1022 1322 1054 1369 ut
1066 1312 1091 1370 si

332 1393 423 1449 Filius
437 1394 605 1450 immaturus
618 1391 735 1462 obisset,
750 1391 825 1448 llere.
866 1392 943 1453 Quis
957 1401 1032 1448 esset

331 1473 422 1544 Finis,
437 1473 467 1528 ni
482 1472 595 1547 sapiens
609 1473 651 1528 sio
665 1471 865 1527 Nomentanus
879 1471 1004 1528 amicum
1245 1473 1287 1530 60

331 1551 480 1608 Tolleretl
523 1551 618 1607 “Heu
633 1551 776 1608 Fortuna!
797 1550 860 1628 quis
874 1562 917 1608 est
931 1550 1073 1607 crudelior
1087 1549 1117 1607 in
1131 1569 1183 1608 nos

331 1629 377 1686 Te
392 1630 482 1686 deusl
504 1642 535 1687 ut
549 1649 659 1706 semper
673 1630 781 1705 gaudes
795 1629 913 1686 illudere
928 1630 1012 1685 rebus

331 1708 489 1766 Humanis!
500 1711 516 1735 ''
545 1710 649 1767 Varius
662 1708 765 1783 mappa
778 1726 959 1785 compescere
974 1708 1063 1765 risum

330 1788 388 1845 Vix
402 1798 518 1864 poterat.
559 1787 682 1860 Balatro,
697 1789 874 1862 suspendens
884 1788 981 1845 omnia
994 1806 1075 1860 naso,

331 1871 349 1897 “
365 1867 438 1924 Haec
452 1878 495 1925 est
508 1868 633 1926 conditio
647 1868 789 1938 vivendi‚’'
806 1868 915 1936 aiebat3
938 1872 956 1897 “
972 1864 1064 1941 edque
1244 1867 1286 1925 65

331 1945 517 2023 Responsura
530 1959 579 2005 tuo
593 1965 739 2021 nunquam
752 1956 796 2004 est
808 1966 859 2022 par
874 1946 948 2003 fama
961 1946 1060 2003 labori.

332 2025 426 2097 Tene,
441 2035 472 2081 ut
485 2044 539 2101 ego
554 2026 676 2101 accipiar
690 2024 778 2096 laute,
792 2025 946 2100 torquerier
959 2025 1038 2082 omni

333 2104 531 2162 Sollicitudine
546 2105 726 2161 districtuml
747 2123 784 2160 ne
798 2105 879 2179 panis
894 2104 1022 2176 adustus,

332 2182 379 2239 Ne
394 2181 469 2239 male
482 2184 630 2239 conditum
642 2183 689 2257 jus
703 2185 879 2257 apponatur?
899 2194 931 2239 ut
944 2202 1045 2240 omnes

333 2261 486 2318 Praecincti
500 2259 579 2318 recte
593 2261 675 2337 pueri
689 2261 851 2336 comptique
865 2262 1046 2320 ministrentl

333 2341 419 2397 Adde
433 2342 484 2396 hos
497 2352 634 2415 praeterea
647 2359 747 2396 casus:
768 2340 859 2396 aulaea
872 2350 956 2397 ruant
970 2342 1003 2413 si,

331 2418 370 2477 Ut
384 2416 485 2487 modim
507 2420 531 2476 si
545 2420 669 2496 patinam
682 2420 755 2496 pede
768 2420 864 2495 lapsus
878 2420 989 2497 frangat
1003 2438 1096 2499 agaso.

333 2501 391 2557 Sed
405 2500 601 2572 convivatoris,
616 2497 656 2557 nti
671 2500 763 2571 ducis,
778 2501 926 2576 ingenium
940 2521 985 2558 res

333 2580 467 2636 Adversae
482 2581 590 2636 nudare
604 2580 703 2651 solent,
718 2580 811 2637 celare
826 2580 988 2638 secundae.''

332 2657 509 2716 Nasidienus
524 2661 559 2716 ad
574 2661 652 2717 haec:
674 2659 768 2716 “Tibi
784 2659 823 2731 dl,
837 2678 1014 2736 quaecunque
1028 2657 1162 2735 preceris,
1242 2661 1285 2717 75

332 2737 490 2796 Commoda
504 2740 587 2808 dent;
609 2739 647 2796 ita
658 2739 698 2795 vir
713 2739 804 2796 bonus
818 2759 849 2795 es
862 2740 1034 2814 convivaque
1049 2737 1167 2795 comis.’'

332 2815 370 2874 Et
384 2819 473 2875 soleas
487 2819 586 2894 poscit.
628 2817 706 2874 Tum
721 2819 750 2874 in
765 2818 839 2875 lecto
852 2837 963 2893 quoque
978 2818 1087 2875 videres

333 2896 460 2953 Stridere
474 2898 583 2953 secreta
595 2897 698 2954 divisos
712 2916 781 2953 anre
795 2915 931 2954 susurros.

710 3047 854 3080 HORATIUS.

333 3135 435 3193 Nullos
449 3135 494 3192 his
508 3135 620 3192 mallem
634 3135 716 3193 ludos
731 3135 891 3210 spectasse:
912 3137 963 3192 sed
975 3136 1022 3193 illa

332 3215 450 3287 Redde,
462 3234 524 3290 age,
539 3233 601 3288 quae
616 3214 751 3290 deinceps
765 3214 860 3271 risisti.

704 3385 865 3419 annuamus

945 3452 1079 3509 Vibidius
1093 3453 1161 3510 durn
1242 3454 1284 3512 8⁰

331 3531 445 3594 Quaerit
459 3532 494 3588 de
508 3531 604 3608 pueris
618 3549 687 3588 num
701 3531 738 3589 sit
750 3551 861 3607 quoqne
876 3531 964 3589 fracta
978 3533 1090 3607 lagena,

331 3609 421 3673 Quod
436 3611 488 3668 sibi
503 3611 630 3686 poscenti
645 3631 702 3668 non
717 3612 819 3668 dentur
832 3611 950 3688 pocula3
971 3613 1095 3686 dumque

332 3691 456 3748 Ridetur
470 3690 543 3747 fictis
558 3710 661 3762 rerum,
676 3688 826 3747 Balatrone
840 3692 984 3759 secundo;

331 3769 361 3826 N
363 3770 499 3842 asidiene,
514 3769 589 3825 redis
602 3781 715 3826 mutatae
730 3770 839 3840 frontis,
853 3781 884 3826 nt
898 3781 956 3826 arte

332 3849 544 3906 Emendatnrns
558 3849 715 3917 fortunam;
737 3849 842 3904 deinde
857 3849 968 3923 sequuti

333 3926 506 3984 Mazonomo
520 3929 600 4002 pueri
615 3946 718 4002 magno
733 3927 874 4002 discerpta
888 3928 1010 3984 ferentes

332 4006 463 4063 Membra
476 4007 563 4082 gruis
578 4007 666 4082 sparsi
681 4006 739 4062 sale
754 4006 853 4077 multo,
867 4024 924 4063 non
939 4007 1000 4062 sine
1015 4007 1097 4081 farre,

333 4085 491 4161 Pinguibus
505 4097 533 4142 et
548 4085 608 4143 licis
622 4097 733 4162 pastum
745 4085 827 4160 jecur
839 4086 946 4144 anseris
961 4087 1030 4157 albi;
