3084 4900
517 574 718 623 CARMINUM
736 575 802 623 LIB.
820 575 868 625 1v.

263 757 270 762 s
352 715 454 788 Multa,
468 716 524 791 qud
538 717 633 774 crines
646 718 765 793 religata
779 718 879 795 fulges.

351 796 443 853 Ridet
456 807 574 872 argento
587 798 704 854 domus:
726 818 784 869 ara,
798 799 885 855 castis

352 876 460 933 Vincta
473 876 614 947 verbenis,
629 886 693 932 avet
706 876 852 934 immolato

592 956 725 1030 Spargier
739 974 823 1032 agno.

353 1033 468 1091 Cuncta
482 1034 596 1091 festinat
609 1053 722 1106 manus
737 1036 795 1092 hue
808 1045 837 1092 et
851 1034 921 1093 illue

352 1113 501 1170 cursitant
514 1114 610 1170 mixtae
623 1114 719 1188 pueris
731 1114 849 1189 puellae:

354 1192 508 1250 Sordidum
522 1191 643 1248 flammae
657 1193 800 1267 trepidant
814 1204 940 1252 rotantes

593 1272 709 1328 Vertiee
724 1272 844 1331 fumum.

352 1350 392 1408 Ut
405 1360 501 1408 tamen
515 1347 595 1414 noris
609 1350 712 1424 quibus
725 1352 872 1410 advoceris

352 1429 490 1499 Gaudiis3
512 1428 582 1485 Idus
595 1430 646 1485 tibi
660 1441 726 1486 sunt
740 1427 870 1506 agendae,

351 1509 414 1571 Qui
428 1510 490 1567 dies
503 1526 632 1565 mensem
646 1509 768 1565 Veneris
782 1511 899 1567 marinae

590 1586 690 1644 Findit
703 1588 852 1663 Aprilem:

352 1667 423 1725 Jure
437 1666 572 1725 solemnis
585 1667 665 1739 mihi,
680 1668 860 1743 sanctiorque

353 1744 434 1805 Pend
448 1747 536 1804 natali
548 1746 672 1822 proprio,
686 1743 763 1821 qudd
777 1766 813 1803 ex
826 1748 883 1804 hoo

354 1826 434 1884 Luce
449 1825 595 1883 Maecenas
609 1843 691 1881 meus
705 1825 853 1882 affluentes

590 1904 714 1962 Ordinat
727 1922 826 1962 annos.

612 2222 696 2280 ODE
716 2222 772 2282 XI.

583 2360 623 2397 An
637 2361 805 2402 VIRGILIUM.

354 2463 417 2520 Jrnr
431 2462 505 2519 veris
518 2462 646 2536 comites,
660 2481 724 2538 quae
739 2480 817 2520 mare
830 2471 999 2538 temperant,

354 2541 512 2618 Impellunt
527 2541 629 2599 animae
643 2543 732 2599 lintea
746 2541 899 2598 Thraoiae:

354 2621 373 2679 J
375 2640 421 2679 am
434 2640 489 2678 neo
502 2632 583 2697 prata
597 2623 700 2697 rigent,
715 2640 771 2677 neo
785 2620 863 2677 fluvii
877 2629 1007 2697 strepunt

514 2699 645 2757 Hibernis
659 2701 724 2757 nive
738 2700 853 2775 turgidi.

355 2777 466 2837 Nidum
480 2779 570 2854 ponit,
585 2779 651 2855 Ityn
665 2779 796 2836 flebiliter
810 2796 939 2855 gemens,

354 2857 458 2915 Infelix
473 2859 541 2930 avis,
562 2870 591 2916 et
604 2859 751 2935 Cecropiae
765 2860 867 2915 domus

355 2937 507 2996 AEternum
520 2939 711 3014 opprobrium,
725 2936 802 3013 qudd
817 2935 891 2995 malr}
906 2937 1040 2996 barbaras

513 3016 630 3093 Regum
644 3028 687 3074 est
698 3018 756 3075 ulta
770 3019 912 3075 libidines.

355 3095 465 3153 Dicunt
475 3095 505 3153 in
519 3107 618 3155 tenero
632 3098 761 3173 gramine
775 3098 926 3173 pinguium

355 3175 498 3233 Custodes
511 3176 606 3233 ovium
621 3177 748 3234 earmina
761 3177 866 3248 fistuli,

354 3253 562 3330 Delectantque
576 3257 662 3312 deum
676 3257 723 3313 eui
737 3275 826 3332 pecus
840 3266 869 3313 et
881 3254 957 3332 nigri

514 3334 610 3392 Colles
624 3336 758 3392 Aroadiae
771 3336 894 3410 placent.

355 3411 513 3471 Adduxere
528 3414 603 3471 sitim
617 3426 753 3489 tempora,
764 3415 887 3490 Virgili:

355 3493 415 3550 Sed
429 3512 559 3568 pressum
574 3493 692 3550 Calibus
706 3494 812 3551 ducere
824 3494 961 3550 Liberum

356 3572 388 3628 Si
402 3573 500 3648 gestis,
512 3572 651 3647 juvenum
666 3573 805 3630 nobilium
819 3572 920 3643 elienS,

517 3650 548 3707 N
550 3653 618 3709 ardo
632 3653 698 3709 vina
712 3653 867 3709 merebere.

356 3727 449 3787 Nardi
463 3750 566 3807 parvus
579 3751 654 3806 onyx
667 3732 763 3789 eliciet
778 3731 882 3787 eadum

354 3809 417 3871 Qui
430 3828 509 3868 nuno
524 3811 653 3886 Sulpitiis
667 3811 789 3868 accubat
803 3808 922 3883 horreis,

356 3890 428 3965 Spes
442 3891 548 3948 donare
562 3910 648 3948 novas
662 3890 767 3966 largus,
783 3904 934 3965 amaraque
969 3896 971 3898 ’
1076 3913 1078 3915 ·

513 3970 654 4027 Ourarum
668 3970 764 4027 eluere
778 3968 888 4026 efficax.
925 3987 927 3989 ’

355 4049 404 4106 Ad
419 4068 481 4124 quae
496 4049 520 4106 si
533 4068 666 4125 properas
679 4049 794 4125 gaudia,
809 4066 876 4103 curn
889 4044 941 4104 tud

354 4128 447 4187 Velox
460 4147 556 4186 meroe
570 4129 635 4186 veni
648 4147 654 4184 :
675 4146 733 4185 non
747 4145 802 4203 ego
815 4137 843 4183 te
864 4125 936 4182 meis
