3084 4900
327 590 383 649 ll8
645 588 676 643 Q.
695 585 842 635 HORATH
858 585 983 635 FLACCI

365 731 461 787 Carne
471 740 566 788 tamen
580 730 708 804 quamvis
721 729 807 787 distat
820 729 891 787 nihil
905 730 962 787 haic
975 724 1068 804 magis
1082 728 1140 802 illa,

366 808 527 886 Imparibus
542 810 637 867 formis
652 811 803 885 deceptum
818 820 846 865 te
859 819 951 884 patet;
973 820 1050 866 esto:
1281 809 1320 867 30

368 888 452 945 Unde
466 890 563 945 datum
578 890 676 960 sentis,
691 889 776 965 lupus
790 888 837 945 hic
851 888 1018 960 Tiberinus,
1033 907 1069 944 an
1083 886 1141 944 alto

364 967 473 1042 Captus
488 968 556 1039 hiet,
570 979 710 1043 pontesue
725 969 800 1024 inter
811 968 944 1042 jactatus,
959 987 995 1024 arr
1011 966 1103 1023 amnis

363 1046 447 1103 Ostia
461 1047 513 1102 sub
529 1046 640 1104 Tuscil
674 1046 798 1117 LaudaS,
814 1047 923 1118 insane,
938 1046 1074 1103 trilibrem

363 1123 496 1198 Mullum,
511 1127 541 1182 in
555 1126 668 1201 singula
681 1142 766 1199 quem
781 1125 895 1181 minuas
908 1124 1054 1200 pulmenta
1066 1140 1186 1182 necesse
1199 1131 1251 1181 est

363 1201 452 1261 Ducit
465 1216 492 1261 te
506 1205 625 1279 species,
639 1204 729 1261 video.
762 1200 834 1265 Qud
848 1205 970 1280 pertinet
983 1222 1051 1280 ergo
1281 1204 1319 1260 35

363 1282 499 1341 Proceros
512 1284 606 1341 odisse
619 1283 721 1359 luposl
753 1282 834 1343 Quia
847 1283 956 1340 scilicet
970 1283 1025 1340 illis

363 1360 502 1436 Majorem
517 1374 619 1419 natura
632 1362 748 1419 modum
762 1362 850 1434 dedit,
862 1362 907 1419 his
921 1362 1004 1419 breve
1017 1362 1138 1438 pondus.

364 1446 381 1471 “
392 1440 556 1498 Porrectum
570 1460 675 1517 magno
687 1460 824 1517 magnum
838 1452 965 1516 spectare
979 1442 1074 1499 catino

363 1517 505 1591 Vellem‚''
522 1520 560 1576 ait
574 1520 709 1594 Harpyiis
722 1520 791 1596 gula
804 1521 891 1595 digna
904 1520 1063 1595 rapacibus.
1096 1519 1211 1593 Atros,

365 1597 524 1656 Praesentes
540 1599 649 1670 Austri,
663 1600 776 1673 coquite
791 1601 891 1656 horum
904 1599 1037 1657 obsonia:
1058 1598 1187 1674 quamvis

366 1675 451 1734 Putet
465 1697 531 1753 aper
545 1679 735 1753 rhombusque
750 1697 860 1751 recens,
875 1679 950 1735 mala
963 1679 1045 1754 copia
1058 1678 1172 1753 quaudo

365 1756 487 1831 AEgrum
501 1758 633 1814 sollicitat
646 1759 824 1815 stomachum
831 1778 838 1828 ;
860 1777 947 1832 quum
960 1757 1058 1832 rapula
1071 1756 1173 1834 plenus

365 1835 462 1909 Atque
476 1837 572 1893 acidas
586 1837 692 1894 mavult
705 1838 806 1894 inulas.
842 1836 976 1894 Necdum
990 1836 1083 1895 omnis
1097 1835 1198 1893 abacta

365 1913 519 1990 Pauperies
533 1916 624 1991 epulis
638 1935 754 1991 regum:
776 1935 843 1973 nam
858 1916 959 1973 vilibus
973 1915 1033 1973 ovis

365 1992 519 2069 Nigrisque
535 2007 578 2052 est
591 1995 660 2052 oleis
674 1996 758 2053 hodie
772 1995 861 2052 locus.
897 1994 985 2052 Haud
999 1995 1038 2053 ita
1050 1993 1161 2071 pridem

365 2072 479 2129 Galloni
493 2075 632 2150 praeconis
645 2083 704 2130 erat
718 2074 882 2149 acipensere
897 2093 996 2131 mensa

365 2149 493 2209 Insamis.
527 2153 629 2214 uuidt
649 2162 709 2208 turn
723 2153 855 2210 rhombos
868 2149 964 2211 mimis
978 2171 1072 2228 aequor
1086 2150 1199 2211 alebat?

366 2228 462 2287 Tutus
476 2242 536 2288 erat
550 2230 694 2302 rhombus,
708 2240 825 2305 tutoque
839 2230 951 2287 ciconia
964 2232 1043 2306 nido,

278 2336 281 2343 ·
365 2306 467 2367 Donec
481 2329 529 2368 vos
543 2320 642 2367 auctor
656 2310 754 2366 docuit
767 2309 923 2384 praetorius.
957 2309 1045 2386 Erg0,

366 2388 398 2444 Si
412 2390 475 2464 quis
488 2408 566 2446 nune
580 2408 692 2465 mergos
706 2407 807 2446 suaves
820 2388 941 2448 edixerit
954 2408 1042 2463 assos,

367 2467 481 2527 Parebit
494 2470 571 2546 pravi
586 2469 686 2527 docilis
699 2468 834 2527 Romana
844 2469 986 2544 juventus.

412 2550 550 2608 Sordidus
564 2548 670 2606 atenui
684 2549 761 2606 victu
775 2549 900 2622 distabit,
914 2550 1010 2607 Ofello

367 2632 386 2690 J
388 2632 488 2689 udice:
510 2647 576 2685 narn
591 2625 694 2686 frustra
708 2629 807 2686 vitium
821 2628 951 2686 vitaveris
964 2628 1045 2702 illud,

367 2713 400 2769 Si
413 2727 442 2769 te
456 2706 512 2766 alid
526 2726 643 2785 pravum
657 2708 815 2766 detorseris.
850 2708 1021 2780 Avidienus‚

367 2792 423 2848 Cui
437 2788 526 2846 Canis
540 2807 575 2845 ex
588 2806 654 2844 vero
669 2789 787 2845 ductum
801 2806 960 2864 cognomen
975 2787 1109 2859 adheret,

365 2870 577 2943 Quinquennes
589 2866 666 2922 oleas
679 2877 722 2923 est
735 2877 764 2923 et
777 2866 915 2922 silvestria
928 2885 1016 2924 corna
1023 2886 1031 2935 ;

366 2949 423 3020 Ac,
438 2947 493 3005 nisi
507 2954 656 3016 mutatum,
670 2944 760 3020 parcit
775 2943 931 3000 defundere
944 2945 1058 3014 vinum;
1078 2953 1109 3002 et

367 3026 458 3103 Cujus
470 3024 586 3081 odorem
599 3022 654 3079 olei
669 3040 794 3096 nequeas
803 3022 937 3097 perferre,
951 3021 1049 3079 licebit

366 3104 421 3162 Ille
436 3102 552 3178 repotia,
566 3100 684 3172 natales,
698 3100 804 3157 aliosve
818 3101 929 3157 dierum

366 3183 467 3240 Festos
481 3180 591 3237 albatus
604 3179 737 3251 celebret,
752 3197 841 3236 cornu
855 3180 915 3254 ipse
929 3177 1023 3236 bilibri

367 3261 505 3319 Caulibus
519 3257 645 3329 instillat,
660 3259 762 3314 veteris
776 3276 834 3314 non
846 3277 950 3332 parcus
963 3257 1045 3315 aceti.

404 3338 494 3401 Quali
508 3336 593 3413 igitur
607 3336 683 3393 victu
696 3336 809 3412 sapiens
822 3338 936 3395 uteturl
957 3338 1100 3395 ethorum

367 3418 470 3477 Utrum
485 3414 658 3474 imitabiturl
693 3414 760 3472 Hic
774 3427 856 3491 urget
868 3415 962 3493 lupus,
977 3415 1033 3473 hic
1046 3415 1136 3488 canis,
1149 3414 1239 3474 aiunt

370 3497 500 3555 Mundus
513 3495 576 3567 erit,
590 3495 639 3570 qui
652 3514 711 3553 non
724 3493 851 3554 offendat
864 3495 1003 3567 sordibus,
1018 3505 1102 3570 atque

367 3577 404 3635 In
418 3587 547 3634 neutram
560 3585 669 3650 partem
681 3574 775 3632 cultris
789 3575 882 3632 miser.
914 3575 973 3632 Hic
986 3593 1079 3649 neque
1093 3573 1191 3647 servis,
1280 3573 1321 3631 65

367 3655 468 3713 Albuti
483 3654 559 3712 senis
573 3654 711 3730 exemplo,
726 3653 795 3710 dum
810 3654 908 3711 munia
922 3653 1003 3725 didit,

368 3737 467 3792 Saevus
480 3733 550 3802 erit;
571 3751 674 3808 neque,
688 3734 763 3790 sicut
776 3732 896 3809 simplex
908 3731 1036 3804 Neviae,
1050 3741 1167 3789 unctam

367 3812 501 3871 Convivis
514 3811 650 3889 praebebit
663 3829 782 3886 aquarn:
803 3811 902 3869 vitium
916 3812 971 3869 hoc
983 3829 1094 3887 quoque
1107 3827 1253 3886 magnum.

407 3891 517 3966 Accipe
531 3907 610 3947 nunc
623 3890 715 3947 victus
725 3889 820 3947 tenuis
833 3908 896 3964 quae
909 3900 1070 3965 quantaque
1083 3907 1182 3948 secum

367 3969 486 4027 Afferat.
520 3968 664 4045 Imprimis
677 3969 771 4025 valeas
785 3968 874 4026 bene:
895 3987 973 4039 nam,
986 3969 1130 4027 variaeres
1281 3966 1322 4024 70

368 4048 407 4105 Ut
422 4058 546 4106 noceant
559 4047 677 4119 homini,
692 4047 802 4119 credas,
817 4066 924 4106 memor
938 4048 1014 4106 illius
1027 4067 1102 4106 escae

367 4126 444 4188 Quae
459 4126 578 4204 simplex
591 4126 658 4184 olim
672 4125 724 4184 tibi
737 4126 850 4185 sederit.
885 4127 927 4186 At
940 4127 1024 4186 simul
1038 4127 1109 4186 assis
