3084 4900
243 592 248 598 ’
287 591 344 648 136
613 588 644 644 Q·
662 588 809 637 HORATll
826 587 950 637 FLACCl
974 633 978 637 .

363 731 495 789 Perditur
508 731 570 788 haec
585 731 658 789 inter
672 730 776 789 misero
790 731 847 802 lux,
862 750 919 788 non
933 730 995 787 sine
1009 731 1096 790 votis:

325 810 425 883 Orus,
440 811 553 885 quando
567 831 621 886 ego
635 822 663 867 te
678 811 833 885 aspiciaml
855 812 1023 885 quandoque
1037 811 1144 886 licebit,
1237 813 1280 872 60

324 889 354 946 N
356 909 414 946 unc
427 902 553 947 veterum
567 891 655 961 libris,
670 909 748 946 nunc
763 910 862 946 somno
877 902 906 945 et
920 889 1057 948 inertibus
1071 892 1157 965 horis,

324 968 438 1026 Ducere
453 969 579 1026 sollicitae
592 969 720 1045 jucunda
732 969 836 1026 oblivia
850 969 934 1026 vitael

324 1048 352 1106 Ο
366 1050 479 1123 quando
494 1050 567 1120 faba,
582 1049 749 1123 Pythagorae
764 1058 894 1122 cognata,
910 1048 1049 1123 simulque

323 1128 418 1185 Uncto
432 1125 500 1185 satis
514 1129 613 1204 pingui
626 1138 768 1203 ponentur
782 1128 911 1183 oluscula
924 1127 1022 1184 lardol

324 1206 352 1264 Ο
367 1222 465 1265 noctes
479 1225 624 1282 coenaeque
639 1206 734 1278 desim,
749 1207 852 1280 quibus
866 1206 925 1281 ipse
939 1206 1052 1281 meique
1236 1211 1278 1269 65

325 1288 403 1343 Ante
417 1286 520 1343 Larem
533 1286 677 1362 proprium
691 1303 799 1356 vescor,
813 1304 968 1359 vernasque
981 1303 1118 1361 procaces

323 1365 416 1422 Pasce
428 1365 522 1421 libatis
536 1365 671 1440 dapibus!
713 1364 802 1422 Prout
815 1365 918 1439 cuique
934 1365 1023 1422 libido
1036 1376 1089 1439 est,

325 1444 422 1502 Siccat
435 1444 588 1518 inaequales
602 1444 706 1501 calices
721 1444 849 1515 conviva,
864 1444 972 1501 solutus

324 1523 451 1598 Legibus
465 1523 589 1580 insanis:
610 1542 661 1580 seu
671 1524 735 1597 quis
748 1524 824 1599 capit
838 1523 916 1581 acria
929 1523 1008 1581 fortis

323 1602 440 1674 Pocula,
455 1621 506 1658 seu
519 1602 639 1659 modicis
653 1602 761 1660 uvescit
774 1601 874 1661 laetius.
916 1601 993 1677 Ergo
1237 1607 1277 1666 70

325 1682 425 1740 Sermo
438 1681 536 1753 oritur,
551 1701 608 1739 non
623 1683 659 1738 de
673 1681 746 1738 villis
760 1682 926 1740 domibusve
940 1680 1051 1754 alienis,

323 1759 389 1818 Nec
402 1758 477 1817 male
493 1780 587 1817 necne
601 1761 694 1836 Lepos
707 1762 806 1819 saltet:
827 1764 887 1833 sed,
901 1762 975 1835 quod
989 1758 1080 1837 magis
1094 1761 1130 1819 ad
1144 1781 1197 1820 nos

323 1839 451 1898 Pertinet
464 1849 493 1896 et
506 1840 617 1898 nescire
631 1840 737 1897 malum
751 1853 804 1912 est,
819 1843 974 1917 agitamus;
996 1851 1128 1900 utrumne

323 1918 437 1976 Divitiis
451 1920 590 1991 homines,
605 1940 641 1976 an
657 1920 714 1976 sint
728 1920 830 1977 virtute
843 1920 934 1989 beati;

322 1997 438 2059 Quidve
453 1999 487 2054 ad
502 1999 652 2070 amicitias,
667 2017 735 2054 usus
748 2011 906 2070 rectumne,
921 2000 1014 2056 trahat
1026 2018 1095 2068 n0s;
1235 2002 1275 2059 75

324 2076 371 2148 Et,
385 2096 447 2151 quae
462 2078 498 2133 sit
512 2090 612 2135 natura
626 2078 695 2133 boni
707 2098 714 2146 3
737 2096 935 2153 summumque
949 2077 1018 2152 quid
1031 2078 1101 2154 ejus.

325 2156 444 2213 Cervius
459 2157 520 2212 haec
535 2156 607 2213 inter
621 2156 732 2212 vicinus
746 2157 834 2230 garrit
848 2157 938 2214 aniles

323 2234 368 2291 Ex
382 2254 411 2292 re
426 2235 549 2291 fabellas.
590 2234 667 2291 Nam
682 2235 706 2290 si
720 2236 783 2309 quis
796 2236 893 2294 laudat
907 2233 998 2292 Arelli

324 2313 466 2371 Sollicitas
480 2314 595 2389 ignarus
609 2332 686 2389 opes,
701 2313 742 2369 sic
757 2314 874 2389 incipit:
896 2314 1002 2370 “Olim

323 2393 463 2451 Rusticus
476 2393 616 2450 urbanum
631 2411 740 2450 murem
755 2413 818 2451 mus
832 2412 954 2471 paupere
969 2393 1056 2451 fertur
1233 2396 1274 2455 80

323 2473 480 2550 Accepisse
494 2492 573 2544 cavo,
588 2484 710 2530 veterem
725 2486 805 2531 vetus
819 2476 921 2550 hospes
935 2473 1074 2544 amicum;

323 2554 415 2630 Asper
429 2565 458 2611 et
472 2564 594 2610 attentus
607 2553 741 2627 qnaesitiS,
753 2565 785 2610 ut
798 2565 894 2612 tamen
908 2565 1018 2612 arctum

324 2633 450 2691 Solveret
463 2632 591 2708 hospitiis
605 2633 740 2690 animum.
781 2633 863 2695 Quid
878 2634 985 2691 multal
1006 2651 1100 2708 neque
1112 2629 1160 2690 ille

324 2713 445 2788 Sepositi
460 2713 571 2784 ciceris,
586 2732 640 2769 nec
654 2714 746 2788 longae
761 2714 862 2770 invidit
875 2733 988 2770 avenae:
1015 2776 1018 2782 ¹

323 2792 445 2848 Aridum
460 2803 489 2849 et
501 2812 549 2850 ore
564 2793 657 2849 ferens
672 2793 797 2863 acinum,
812 2812 977 2868 semesaque
990 2790 1062 2849 lardi
1232 2793 1272 2850 85

323 2868 426 2928 Frusta
437 2872 525 2942 dedit,
540 2872 659 2946 cupiens
673 2873 750 2928 varia
765 2872 877 2928 fastidia
891 2872 975 2928 corna

323 2950 448 3007 Vincere
463 2952 606 3025 tangentis
620 2948 694 3007 male
709 2951 823 3025 singula
836 2952 921 3007 dente
936 2950 1073 3025 superbo:

322 3028 423 3089 Quum
436 3042 515 3103 pater
527 3032 587 3103 ipse
601 3029 702 3086 domins
715 3029 798 3105 palea
811 3041 957 3103 porrectus
972 3029 1001 3085 in
1016 3026 1107 3085 hornia

320 3107 407 3242 {sset
420 3110 488 3164 ador
502 3109 665 3182 loliumque,
678 3109 758 3183 dapis
772 3109 889 3166 meliora
901 3107 1073 3181 relinquens.

304 3206 319 3244 ,κ
354 3187 456 3243 andem
465 3187 590 3243 urbanus
599 3187 633 3243 ad
644 3188 730 3258 hunc,
740 3191 747 3216 ‘
756 3186 839 3247 Quid
847 3198 875 3243 te
881 3187 978 3262 juvat,'
991 3185 1091 3262 inquit,
1103 3185 1221 3261 ‘amice,
1230 3187 1271 3245 90
1346 3232 1349 3240 .

321 3265 458 3341 Praerupti
475 3265 598 3321 nemoris
611 3265 766 3340 patientem
781 3265 874 3323 vivere
888 3266 992 3323 dorsol

322 3346 374 3402 Vis
388 3356 418 3401 tu
434 3344 562 3401 homines
576 3345 731 3419 urbemque
746 3345 811 3402 feris
824 3364 987 3420 praeponere
1002 3343 1099 3402 silvisl

322 3423 414 3498 Carpe
429 3424 512 3494 viam,
528 3423 596 3480 mihi
611 3424 707 3494 crede,
721 3443 827 3496 comes,
841 3424 984 3481 terrestria
998 3425 1112 3498 quando

321 3502 457 3560 Mortales
472 3503 581 3559 animas
594 3502 692 3560 vivunt
705 3504 811 3576 sortita,
827 3523 919 3579 neque
933 3504 991 3560 ulla
1006 3514 1050 3560 est

321 3583 382 3639 Ant
397 3601 500 3657 magno
514 3595 563 3640 aut
576 3601 660 3657 parvo
671 3582 719 3639 leti
734 3584 820 3658 fuga:
841 3602 906 3658 quo,
921 3583 1004 3653 bone,
1019 3583 1105 3654 circa,
1229 3583 1270 3641 05

321 3659 399 3716 Dum
413 3661 489 3733 licet,
504 3662 534 3718 in
546 3663 630 3718 rebus
641 3662 777 3736 jucundis
792 3663 853 3720 vive
868 3664 967 3719 beatus
976 3682 983 3732 ;

320 3740 392 3796 Vive
406 3759 514 3798 mernor
528 3739 614 3816 qulam
628 3741 666 3798 sis
681 3742 732 3797 aevi
747 3743 855 3798 brevis!
898 3740 972 3797 Haec
985 3739 1034 3797 ubi
1048 3739 1125 3798 dicta

320 3818 472 3894 Agrestem
486 3818 631 3895 pepulere,
646 3820 730 3876 domo
743 3821 812 3877 levis
826 3820 937 3877 exsilit:
959 3820 1026 3876 inde

320 3899 416 3955 Ambo
429 3899 601 3975 propositum
616 3909 755 3974 peragunt
769 3899 831 3969 iter,
846 3899 924 3954 urbis
937 3909 1053 3955 aventes

321 3975 430 4033 Moenia
443 3978 575 4034 nocturni
590 3979 751 4051 subrepere.
793 3977 914 4052 Jamque
928 3977 1043 4034 tenebat
1187 3977 1270 4036 ·]00

323 4053 391 4113 Nox
403 4056 529 4112 medium
543 4056 607 4116 coeli
623 4057 754 4130 spatium,
768 4075 855 4130 quum
869 4056 949 4132 ponit
961 4067 1079 4131 uterquc

323 4133 357 4190 In
372 4134 510 4210 locuplete
526 4135 610 4191 domo
624 4135 757 4211 vestigia;
779 4136 864 4192 rubro
877 4135 925 4191 ubi
940 4154 1028 4194 cocco
