3084 4900
563 657 761 705 CARMlNUM
779 658 844 705 LIB.
861 659 883 705 Ι.

387 798 443 858 cui
458 797 535 856 dubit
547 808 640 875 partes
654 799 745 855 scelus
759 800 891 875 expiandi

386 877 405 933 J
407 878 518 953 upiterl
539 877 654 933 tandem
668 878 774 948 venias,
787 885 949 956 precamur,

386 955 473 1013 Nube
487 955 642 1011 candentes
656 956 787 1012 humeros
801 957 930 1028 amictus,
946 963 950 1026 j

543 1033 645 1107 Augur
660 1033 769 1107 Apollo.
945 1035 949 1040 ’

388 1112 454 1169 Sive
468 1122 499 1168 tu
512 1111 609 1182 mavis,
625 1110 748 1185 Erycina
762 1112 868 1183 ridens,

386 1189 484 1252 Quam
498 1189 586 1246 Joous
599 1188 791 1262 circumvolat,
805 1201 835 1247 et
847 1190 968 1265 Cupido·

388 1268 454 1326 Sive
467 1268 629 1344 neglectum
643 1287 734 1342 genus
747 1279 776 1325 et
789 1279 906 1344 nepotes

544 1345 686 1420 Respicis,
701 1357 808 1419 auctor,

387 1424 471 1481 Heu!
492 1423 577 1480 nimis
590 1424 674 1499 longo
689 1426 788 1482 satiate
801 1425 879 1497 ludo,

387 1503 486 1564 Quem
496 1502 575 1577 juvat
588 1503 702 1574 clamor,
716 1504 860 1579 galeaeque
873 1503 958 1572 leves,

387 1582 465 1639 Aoer
478 1591 507 1638 et
520 1579 614 1637 Mauri
627 1582 730 1656 peditis
743 1593 894 1639 cruentum

543 1658 647 1716 Vultus
660 1660 690 1716 in
704 1660 830 1717 hostem:

389 1738 456 1796 Sive
469 1737 577 1794 mutati
589 1737 722 1812 juvenem
735 1738 837 1813 ligurit,

388 1817 468 1888 Ales,
482 1816 512 1872 in
526 1816 606 1871 terris
619 1816 745 1887 imitaris,
760 1817 841 1871 almae

387 1894 479 1951 Filius
492 1891 587 1962 Maiis,
601 1894 711 1967 patiens
724 1894 818 1949 vocari

547 1970 667 2026 Caesaris
682 1972 771 2027 ultor:

389 2050 476 2108 Serus
486 2049 516 2106 in
530 2048 633 2105 ooelum
647 2050 754 2121 redeas,
769 2049 874 2124 diuque

386 2129 483 2186 Laetus
495 2127 606 2185 intersis
619 2128 721 2204 populo
734 2127 868 2198 Quirini;

386 2207 468 2266 Neve
481 2217 510 2265 te
523 2207 624 2264 nostris
638 2207 711 2264 vitiis
724 2207 853 2282 iniquum

543 2284 630 2342 Ocior
644 2304 712 2342 aura

386 2363 490 2422 Tollat.
532 2362 590 2420 Hic
605 2384 722 2439 magnos
735 2359 830 2440 potibs
843 2364 1009 2438 triumphos,

385 2442 446 2502 Hio
459 2461 536 2500 ames
549 2440 606 2501 dini
619 2443 701 2501 Pater
715 2455 798 2519 atque
812 2442 964 2518 Princeps:
1039 2463 1045 2467 ·

386 2522 454 2581 Neu
467 2522 543 2580 sinas
557 2517 659 2579 Medos
672 2524 797 2597 equitare
810 2522 925 2594 inultos,

542 2598 588 2656 Te
602 2601 686 2673 duce,
700 2601 806 2658 Caesar.
1016 2596 1039 2657 ’t

640 2911 723 2969 ODE
744 2910 801 2968 III.

237 3051 275 3092 AD
288 3051 392 3092 rtAvnM
406 3048 467 3094 Qun
479 3049 626 3088 VIRGILIUS
640 3047 780 3088 ATHENAS
793 3048 1004 3088 PROFICISCENS
1017 3049 1207 3092 nannum.

504 3149 555 3205 Sro
569 3158 597 3204 te
612 3148 676 3204 diva
688 3158 790 3223 potens
802 3147 900 3223 Cypri,

387 3229 437 3286 Sic
451 3227 549 3285 iratres
562 3223 692 3299 Helenae,
707 3227 802 3282 lueida
815 3228 918 3299 sidera,

411 3357 415 3365 .
463 3359 465 3364 .
497 3307 714 3380 ¹Ventorumque
728 3316 808 3389 regat
820 3315 908 3382 pater,

378 3383 537 3468 Quietis
551 3384 621 3456 aliis,
635 3395 735 3459 praeter
749 3383 866 3459 Iapyga,

420 3512 429 3534 ,
500 3462 599 3534 Nu'vis,
612 3482 674 3537 quae
688 3463 739 3518 tibi
753 3458 891 3521 creditum

389 3541 489 3599 Debes
497 3541 649 3616 Virgilium
672 3541 776 3597 finibus
790 3541 904 3609 Atticis,

501 3619 620 3695 Reddas
634 3619 817 3689 ineolumem,
830 3631 945 3693 precor,

385 3697 424 3758 Et
436 3715 529 3756 serves
543 3696 644 3752 anituae
658 3696 806 3776 dimidium
820 3715 901 3761 more,

505 3774 552 3831 Illi
566 3774 650 3831 robur
663 3784 692 3831 et
705 3771 746 3831 aes
757 3775 858 3849 triplex
876 3841 878 3847 Ι

355 3910 359 3916 .
386 3855 472 3914 Circo
484 3860 584 3930 pentus
594 3846 663 3926 ertit,
677 3839 725 3930 qui
739 3853 866 3928 fragilem
880 3855 954 3912 truci
1179 3857 1216 3916 10

505 3932 655 4014 Commisit
666 3933 766 4008 pelago
780 3943 868 3990 ratem

366 4009 368 4013 ’
385 4013 507 4084 Primus,
520 4029 575 4068 neo
588 4011 682 4068 timuit
694 4008 867 4087 precipitem
881 4011 1012 4072 Africum

391 4100 472 4139 ”““ἰ
500 4089 704 4166 ‘Deceptantem
719 4090 918 4165 Aquilonibus,
960 4129 964 4138 ·
1000 4085 1012 4100 ⁴

385 4168 451 4227 Neo
463 4169 555 4226 tristes
570 4168 696 4244 Hyadas,
710 4188 765 4225 neo
779 4168 887 4237 rabiem
900 4169 980 4239 Noti,
