3084 4900
553 543 759 593 sirinaaunt
776 544 841 593 urn.
860 544 896 592 11.
915 517 937 593 ι’.

672 757 816 790 norimus·

555 844 716 920 ‘Cupidum,
730 853 810 919 pater
819 843 939 920 optime,
954 843 1027 901 vires

285 922 448 982 Deficiunt:
469 941 563 998 neque
577 923 655 980 enim
668 924 758 998 quivis
772 922 917 980 horrentia
929 923 994 999 pilis

286 1003 422 1079 Agmina,
437 1016 492 1059 nec
506 1003 595 1060 fracta
608 1012 760 1078 pereuntes
774 1002 893 1079 cuspide
902 1002 1013 1075 Gallos,

285 1083 348 1140 Aut
360 1081 481 1139 labentis
494 1097 567 1157 equo
580 1081 723 1140 describat
735 1081 854 1139 vulnera
864 1079 971 1139 Parthi.
1202 1080 1239 1140 15

660 1229 822 1264 susumus.

287 1319 424 1375 Attamen
438 1328 466 1374 et
476 1316 584 1393 justum
596 1327 709 1393 poteras
722 1327 751 1374 et
764 1317 890 1375 scribere
901 1315 1013 1391 sortem,

287 1397 449 1475 Scipiadam
464 1408 495 1455 ut
508 1396 621 1473 sapiens
634 1395 772 1453 Lucilius.

666 1545 812 1579 norimus.

797 1632 886 1691 Haud
899 1632 970 1691 mihi
983 1634 1080 1705 deero,

285 1714 387 1776 Quum
401 1732 446 1770 res
460 1712 521 1788 ipsa
534 1711 612 1768 feret.
646 1710 712 1768 Nisi
726 1711 826 1768 dextro
839 1722 976 1787 tempore,
990 1711 1090 1771 Flacci

286 1793 384 1851 Verba
396 1810 446 1867 per
460 1801 597 1848 attentam
610 1809 669 1848 non
685 1790 767 1847 ibunt
780 1790 902 1847 Caesaris
916 1810 1030 1849 aurem:

286 1873 342 1931 Cui
356 1868 430 1928 male
446 1870 470 1927 si
484 1869 607 1945 palpere,
622 1869 784 1926 recalcitrat
797 1870 925 1945 undique
938 1880 1025 1928 tutus.
1198 1872 1238 1930 ‘20

658 2006 820 2056 sanamus.

285 2106 405 2172 Quantd
420 2104 526 2166 rectilis
540 2107 604 2179 hoo,
618 2104 704 2182 quiam
718 2105 791 2163 tristi
804 2106 908 2164 laedere
922 2125 1005 2166 versu

285 2189 474 2246 Pantolabum
489 2205 615 2244 scurram
630 2185 902 2261 Nomentanumque
916 2197 1049 2263 nepotem
1061 2187 1068 2245 l

285 2269 386 2330 Quum
399 2267 454 2325 sibi
467 2267 585 2342 quisque
599 2264 690 2337 timet,
703 2284 865 2341 quanquam
879 2275 923 2323 est
937 2267 1070 2341 intactus,
1084 2276 1114 2326 at
1126 2267 1196 2327 odit.

666 2414 810 2447 HOBATIUS·

284 2505 366 2570 Quid
380 2504 505 2563 saciaml
540 2503 629 2562 Saltat
643 2501 791 2575 Milonius,
805 2514 837 2561 ut
850 2505 939 2562 semel
951 2506 1010 2564 icto

285 2585 419 2643 Accessit
430 2585 519 2641 servor
534 2582 620 2658 capiti
634 2601 826 2657 numerusque
839 2582 979 2642 lucernis:
1196 2588 1236 2646 25

286 2666 388 2722 Castor
402 2663 507 2739 gaudet
520 2661 616 2736 equis;
637 2679 691 2718 ovo
704 2671 859 2736 prognatus
873 2664 985 2736 eodem,

284 2743 410 2818 Pugnis:
431 2752 500 2815 quot
513 2740 638 2815 capitum
653 2739 759 2812 vivunt,
774 2740 892 2797 totidem
906 2742 1065 2800 studiorum

285 2823 386 2880 Millia.
422 2819 472 2878 Me
486 2819 605 2896 pedibus
620 2818 742 2875 delectat
756 2820 890 2878 claudere
904 2821 1000 2894 verba,

285 2900 380 2959 Lucili
395 2900 460 2971 ritu,
476 2898 606 2956 nostrtlm
620 2897 746 2955 melioris
760 2909 888 2973 utroque.

284 2981 337 3038 Ille
351 2980 427 3037 velut
440 2979 504 3035 fidis
518 2996 622 3034 arcana
636 2977 779 3034 sodalibus
792 2979 860 3035 olim
1196 2983 1242 3041 30.

284 3059 427 3117 Credebat
441 3057 535 3126 libris;
556 3075 659 3131 neque,
674 3055 787 3114 simale
802 3068 936 3132 cesserat,
950 3076 1069 3134 usquam

283 3139 448 3196 Decurrens
462 3134 528 3207 alib,
543 3155 635 3211 neque
651 3137 675 3192 si
690 3137 781 3193 bene:
802 3155 858 3212 quo
871 3137 903 3197 fit
916 3149 947 3196 ut
960 3139 1054 3197 omnis

288 3218 387 3276 Votivi
399 3227 493 3292 pateat
506 3215 593 3272 veluti
608 3215 749 3292 descripta
762 3216 866 3274 tabella

284 3298 352 3355 Vita
365 3296 450 3352 senis.
486 3295 595 3369 Sequor
610 3295 697 3367 hunc,
712 3294 848 3352 Lucanus
863 3315 900 3354 an
915 3296 1056 3374 Appulus,
1070 3316 1194 3376 anceps:

283 3376 361 3434 Nam
374 3375 540 3431 Venusinus
554 3385 614 3430 arat
627 3374 714 3430 finem
728 3375 782 3430 sub
795 3385 946 3450 utrumque
960 3377 1089 3450 colonus,
1194 3379 1234 3436 35

283 3455 391 3513 Missus
405 3454 440 3510 ad
455 3454 519 3524 hoc,
533 3453 632 3528 pulsis,
647 3464 728 3509 vetus
741 3464 785 3510 est
798 3465 830 3510 ut
843 3455 928 3527 sama,
943 3456 1075 3528 Sabellis,

282 3531 353 3596 Qud
367 3552 404 3590 ne
418 3552 467 3608 per
481 3550 603 3589 vacuum
617 3531 751 3588 Romano
764 3532 922 3591 incurreret
935 3535 1040 3604 hostis;

284 3615 350 3671 Sive
364 3609 441 3687 qubd
456 3611 570 3687 Appula
583 3628 664 3686 gens,
679 3629 730 3666 seu
744 3608 822 3686 qudd
836 3610 966 3684 Lucania
980 3613 1087 3670 bellum

283 3693 431 3750 Incuteret
444 3691 576 3748 violenta.
612 3689 670 3746 Sed
685 3689 732 3746 hic
745 3689 834 3764 stylus
848 3690 925 3747 haud
937 3702 1015 3768 petet
1028 3692 1103 3751 ultro

282 3773 456 3846 Quenquam
471 3770 661 3838 animantem
683 3780 771 3827 etms
786 3769 871 3827 veluti
885 3771 1026 3829 custodiet
1038 3770 1117 3830 ensis
1195 3777 1234 3834 tu

283 3850 398 3926 Vagiml
411 3861 503 3906 tectus
515 3869 522 3918 3
543 3868 628 3924 quem
642 3868 692 3907 cur
707 3849 876 3924 distringere
891 3868 988 3924 coner,

283 3930 380 3987 Tutus
394 3929 429 3985 ab
440 3928 549 3986 infestis
562 3929 739 3986 latronibus?
773 3927 802 3986 O
815 3939 895 4004 pater
909 3939 938 3987 et
951 3950 1002 3987 rex

283 4009 405 4085 Jupiter,
421 4019 452 4065 ut
465 4017 562 4084 pereat
574 4009 698 4085 positum
712 4008 844 4084 rubigine
857 4009 956 4082 telum,

284 4089 348 4147 Nec
361 4088 509 4164 quisquam
523 4098 626 4145 noceat
639 4087 744 4164 cupido
757 4087 828 4146 mihi
841 4088 936 4165 pacisl
972 4087 1013 4146 At
1027 4085 1083 4158 ille,
