3084 4900
571 613 777 664 SATlRARUM
796 613 861 663 LlB.
879 615 916 663 11.
933 616 957 663 8.
1209 616 1266 674 125

313 756 443 817 Extimui
457 776 494 815 ne
508 777 557 816 vos
570 769 668 835 ageret
680 758 796 817 vesania
810 758 919 816 discors
927 777 935 830 ;

310 835 361 893 Tu
375 835 602 910 Nomentanum,
617 849 648 895 tu
661 857 699 895 ne
713 856 862 912 sequerere
877 837 1017 895 Cicutam.
1209 837 1266 893 175

309 914 421 987 Quare,
431 917 483 991 per
497 917 577 975 divos
590 926 686 975 oratus
701 928 818 992 uterque
830 916 962 989 Penates,

310 993 360 1051 Tu
374 1013 444 1052 cave
459 1014 496 1052 ne
510 995 633 1067 minuas,
648 1006 679 1053 tu
690 1015 728 1053 ne
742 996 834 1071 majus
846 995 933 1053 facias
946 996 975 1053 id

310 1074 401 1134 Quod
416 1074 485 1131 satis
498 1094 560 1132 esse
575 1085 655 1151 putat
669 1086 757 1150 pater,
772 1085 801 1132 et
815 1086 918 1132 natura
931 1078 1055 1132 coercet.

309 1152 461 1225 Praeterea,
475 1156 513 1210 ne'
527 1173 575 1212 vos
588 1154 683 1212 titillet
693 1154 792 1230 gloria,
803 1153 879 1229 jure-

306 1231 429 1307 jurando
441 1232 615 1308 obstringam
630 1234 729 1291 ambo:
751 1244 813 1290 uter
828 1232 917 1290 aedilis
929 1232 1047 1292 fueritve
1210 1231 1267 1289 180
1290 1310 1292 1312 Ι

312 1310 447 1369 Vestrrim
461 1323 572 1388 praetor,
587 1314 612 1369 is
625 1312 795 1371 intestabilis
808 1324 837 1369 et
850 1332 930 1370 sacer
944 1324 1013 1369 estc.

312 1389 349 1448 In
364 1390 458 1448 cicere
473 1403 556 1466 atque
573 1391 638 1449 sabb
652 1392 728 1449 bona
741 1402 772 1449 tu
787 1392 943 1468 perdasque
957 1390 1073 1467 lupinis,

311 1469 402 1526 Latus
416 1480 448 1526 ut
461 1470 491 1527 in
506 1471 593 1529 Circo
607 1472 737 1547 spatiere,
753 1482 802 1528 aut
816 1491 913 1529 aeneus
926 1481 958 1527 ut
971 1482 1038 1542 stes,

311 1548 417 1605 Nudus
432 1550 516 1625 agris,
528 1551 622 1608 nudus
634 1551 768 1623 nummis,
783 1551 892 1623 insane,
906 1550 1053 1625 paternisl

314 1627 431 1685 Scilicet
445 1639 476 1685 ut
489 1630 604 1705 plausus
617 1649 687 1705 quos
702 1630 755 1686 fert
770 1630 897 1705 Agrippa
911 1630 984 1686 seras
997 1641 1039 1701 tu,
1210 1628 1266 1687 185

311 1709 416 1765 Astuta
429 1707 587 1784 ingenuum
600 1709 698 1784 vulpes
712 1708 822 1765 imitata
834 1709 946 1767 leonem
954 1709 974 1765 l’

312 1791 320 1817 ‘
336 1785 383 1843 Ne
397 1787 460 1861 quis
473 1788 607 1845 humasse
621 1788 687 1844 velit
701 1787 833 1862 Ajacem,
848 1788 959 1859 Atrida,
974 1796 1053 1844 vetas
1065 1787 1146 1845 curl'

311 1870 319 1897 ‘
332 1866 399 1923 Rex
412 1868 494 1923 sum)
536 1866 604 1923 ‘Nil
619 1864 693 1923 ultra
706 1885 802 1942 quaero
815 1866 961 1941 plebeius.'
1004 1865 1061 1923 ‘Et
1074 1884 1184 1942 requam

311 1944 388 2002 Rem
402 1945 548 2021 imperito:
570 1957 607 2017 at,
622 1947 646 2003 si
660 1945 708 2003 cui
721 1945 818 2004 videor
832 1965 890 2003 non
901 1946 1004 2021 justus,
1018 1944 1109 2003 inulto

311 2023 416 2081 Dicere
430 2025 506 2100 quod
520 2026 606 2083 sentit
619 2025 768 2102 permitt0.’
812 2024 957 2082 ‘Maxime
968 2043 1078 2102 regum,
1210 2025 1267 2083 190
1300 2057 1303 2063 ·

311 2103 351 2161 Di
364 2104 415 2161 tibi
429 2105 498 2162 dent
508 2105 592 2181 eapti
606 2106 726 2162 classem
739 2105 877 2162 reducere
891 2104 997 2181 Trcjrll

311 2182 389 2260 Ergo
405 2185 564 2256 consulere,
579 2195 609 2242 et
622 2204 688 2243 mox
701 2185 872 2260 respondere
887 2184 984 2242 licebit
993 2184 1014 2242 l'

312 2262 474 2320 ‘Consule'
510 2268 517 2293 ‘
530 2263 590 2321 Cur
604 2264 689 2340 Ajax,
701 2265 784 2322 heros
799 2264 834 2321 ab
846 2263 960 2321 Achille
971 2264 1126 2337 secundus,

311 2341 463 2414 Putrescit,
477 2341 560 2401 toties
574 2344 690 2400 servatis
704 2343 797 2400 clarus
812 2344 949 2401 Achivisl

310 2422 442 2480 Gaudeat
455 2432 486 2479 ut
499 2423 620 2499 populns
632 2422 738 2480 Priami
752 2422 937 2498 Priamusque
951 2423 1109 2496 inhumato,
1208 2422 1265 2481 195

312 2501 367 2558 Per
380 2520 464 2576 quem
478 2513 518 2560 tot
530 2499 649 2576 juvenes
663 2502 753 2578 patrio
767 2500 886 2559 caruere
901 2503 1059 2577 sepulcrcl’

312 2580 411 2638 ‘Mille
424 2582 518 2639 ovium
533 2581 650 2637 insanus
663 2581 747 2637 morti
760 2580 849 2652 dedit,
864 2580 1001 2656 inclytum
1016 2579 1147 2655 Ulyssem

313 2660 352 2718 Et
367 2659 534 2717 Menelaiim
548 2659 607 2716 uml
621 2678 734 2717 mecum
749 2678 779 2716 se
794 2660 926 2717 cecidere
941 2659 1085 2717 clamans!

311 2739 379 2797 ‘Tu
392 2757 480 2815 quum
493 2757 545 2813 pro
555 2738 642 2795 vitula
656 2737 755 2795 statuis
769 2738 883 2795 dulcem
898 2738 1004 2797 Aulide
1018 2749 1114 2796 natam

311 2819 389 2876 Ante
404 2836 476 2889 aras,
488 2817 651 2893 spargisque
665 2816 740 2875 molal
755 2828 851 2893 caput,
863 2818 1000 2894 improbe,
1013 2817 1099 2891 saled,
1205 2819 1265 2877 200

310 2898 437 2956 Rectum
451 2896 539 2954 animi
553 2915 646 2954 servas
654 2898 674 2953 l’
711 2896 875 2958 ‘Quorsum
883 2899 903 2954 l’
939 2896 1082 2956 ‘Insanus
1094 2896 1163 2974 quid
1176 2896 1254 2956 enirn

390 2977 466 3036 A'ax

312 3055 404 3127 Fecit,
417 2999 507 3132 lquum
522 3056 619 3114 stravit
633 3056 707 3115 ferro
718 3057 826 3133 pecus?
847 3056 984 3115 abstinuit
996 3055 1053 3115 vim

311 3136 406 3194 Uxore
420 3147 449 3194 et
462 3147 558 3212 gnato,
570 3136 645 3193 mala
658 3136 748 3194 multa
760 3148 894 3213 precatus
908 3136 1026 3195 Atridis.

310 3215 378 3274 Non
393 3215 439 3272 ille
454 3225 502 3273 aut
516 3215 665 3273 Teucrum
679 3227 728 3274 aut
742 3216 835 3292 ipsum
849 3216 960 3275 violavit
973 3215 1122 3292 Ulyssem.¹

312 3292 441 3353 ‘Verum
455 3314 518 3370 ego,
533 3306 564 3352 ut
578 3296 719 3352 herentes
732 3295 850 3354 adverso
864 3296 958 3353 littore
971 3315 1059 3353 naves
1203 3295 1264 3353 205

312 3373 469 3450 Eriperem,
483 3375 609 3450 prudens
622 3374 731 3449 placavi
745 3376 884 3450 sangnine
899 3376 995 3432 divos!

311 3459 318 3484 ‘
334 3451 447 3528 Nempe
462 3468 521 3525 tuo,
537 3454 659 3511 furiose)
696 3451 792 3524 ίΜθο,
807 3454 857 3510 sed
872 3473 929 3510 non
944 3453 1084 3512 furiosus!

311 3532 393 3595 ‘Qui
407 3534 516 3608 speeies
531 3532 601 3589 alias
616 3531 688 3588 veris
702 3531 873 3606 scelerisque
887 3532 1012 3589 tumultu

310 3612 469 3670 Permixtas
480 3611 586 3687 capiet,
601 3621 760 3668 commotus
774 3610 939 3680 habebitur;
961 3621 1055 3686 atque,

311 3691 478 3749 Stultitiaine
492 3701 576 3762 erret,
588 3689 708 3747 nihilum
725 3689 850 3761 distabit,
865 3708 901 3746 an
916 3688 968 3746 irai.
1204 3689 1264 3748 210

309 3770 394 3846 Ajax,
408 3788 495 3845 quum
510 3769 666 3826 immeritos
679 3768 795 3840 occidit,
810 3769 922 3844 desipit,
937 3770 1048 3845 agncsl

308 3849 409 3911 Quum
423 3849 547 3924 prudens
561 3849 655 3906 scelus
667 3849 704 3905 cb
717 3847 813 3905 titulos
827 3848 951 3906 admittis
964 3848 1076 3920 inanes,

308 3930 374 3986 Stas
388 3929 502 3986 animol
522 3940 551 3985 et
564 3947 667 4003 purum
678 3938 721 3985 est
731 3928 799 3986 vitio
810 3927 871 4000 tibi,
881 3946 969 4003 quum
979 3927 1121 3986 tumidum
1131 3937 1184 4001 est,
1195 3929 1264 3987 cort

309 4008 340 4065 Si
354 4009 417 4084 quis
431 4007 535 4064 lectica
549 4006 669 4064 nitidam
683 4018 796 4083 gestare
810 4019 886 4064 amet
900 4025 1013 4083 agnam,

307 4086 387 4144 lluic
401 4098 518 4158 vestem,
533 4097 564 4143 ut
578 4097 682 4161 gnatae,
696 4098 786 4162 paret,
801 4086 920 4144 ancillas
932 4095 1022 4162 paret,
1036 4105 1153 4158 aurum3
1203 4084 1264 4147 215

306 4166 418 4268 ⁴Rusam
433 4174 482 4223 aut
496 4164 780 4302 Rufillpprpppellet,
795 4165 914 4241 sortique
928 4164 1030 4225 marito
