3084 4900
648 612 679 669 Q.
698 612 844 663 HORATII
861 612 985 662 FLACCI

517 755 643 827 Gaudes,
658 756 768 831 apricos
782 767 866 813 necte
881 755 973 827 flores,

556 833 649 891 Necte
664 854 728 892 meo
742 835 850 892 Lamiae
865 854 1011 908 coronam,

478 913 599 989 Pimplei'
613 913 721 970 dulcis!
744 916 783 971 nil
798 916 859 975 siue
874 927 903 972 te
916 915 973 971 mei
1345 975 1349 988 ⁴

477 992 600 1050 Possunt
614 993 754 1049 honores:
777 996 854 1050 hunc
868 993 972 1050 fidibus
985 992 1076 1066 novis,
1272 994 1312 1054 10

518 1071 607 1130 Hunc
621 1070 725 1127 Lesbio
739 1091 851 1129 sacrare
865 1072 982 1146 plectro,

556 1148 658 1225 Teque
672 1160 791 1227 tuasque
807 1152 890 1207 decet
904 1169 1021 1207 sorores.

707 1461 791 1519 ODE
805 1461 908 1519 XXII.

713 1601 753 1640 AD
768 1600 906 1638 sooALEs

477 1701 575 1760 Nauis
590 1702 620 1759 in
634 1720 717 1757 usum
731 1700 835 1758 laetitiae
850 1700 963 1775 scyphis

479 1782 617 1857 Pugnare,
632 1780 779 1838 Thracum
791 1791 842 1837 est.
884 1779 991 1837 Tollite
1005 1779 1154 1839 barbarum

516 1860 638 1933 Morem,
653 1861 903 1934 verecundumque
917 1859 1065 1916 Bacchum

554 1940 726 2015 Sanguineis
739 1940 886 2014 prohibete
900 1939 976 1996 rixis·

475 2017 552 2074 Vino
566 2030 594 2075 et
607 2018 732 2075 lucernis
747 2017 852 2073 Medus
866 2017 999 2073 acinaces

475 2093 605 2152 Immand
619 2094 756 2171 quantum
771 2095 930 2169 discrepat!
953 2094 1077 2170 Impium
1167 2146 1169 2149 .

515 2174 617 2232 Lenite
631 2174 794 2244 clamorem,
809 2173 929 2244 sodales,

554 2252 592 2310 Et
606 2253 701 2310 cubito
715 2264 860 2309 remanete
873 2270 978 2327 presso.

702 2567 786 2625 ODE
800 2565 919 2629 XXIII.

722 2711 889 2750 ARcHYTns

396 2821 415 2850 “
423 2815 471 2875 Te
486 2815 571 2874 maris
585 2825 614 2872 et
627 2824 708 2873 terrae
722 2833 897 2888 numeroque
911 2816 1035 2874 carentis
1049 2835 1143 2876 arente

551 2893 715 2950 Mensorem
730 2892 874 2963 cohibent,
889 2892 1026 2968 Archyta,
1044 2901 1046 2906 '

396 2973 523 3031 Pulveris
536 2971 632 3047 exigui
646 2989 732 3046 prope
745 2969 824 3025 littus
836 2989 922 3045 parva
935 2971 1079 3028 Matinum

553 3049 692 3118 Munera3
714 3066 769 3105 nec
783 3049 936 3122 quidquam
949 3050 999 3105 tibi
1013 3051 1127 3124 prodest

396 3131 501 3190 A'erias
514 3129 640 3202 tentdsse
654 3129 761 3199 domos,
776 3128 927 3202 animoque
940 3128 1094 3185 rotundum
1283 3131 1307 3191 5

553 3200 730 3266 Percurrisse
743 3207 849 3282 polum,
863 3206 1014 3264 morituro!
1025 3208 1042 3234 ’'

398 3288 541 3345 “Occidit
555 3298 583 3344 et
597 3286 709 3362 Pelopis
722 3286 842 3361 genitor,
857 3287 977 3342 conviva
990 3287 1118 3360 deorum,

552 3365 751 3439 Tithonusque
765 3376 889 3421 remotus
901 3365 1036 3435 inauras,

396 3444 435 3503 Et
448 3444 526 3504 Jovis
540 3445 651 3501 arcanis
665 3443 762 3500 Minos
776 3444 934 3500 admissus:
956 3445 1116 3519 habentque

553 3522 675 3581 Tartara
688 3522 878 3594 Panthoiden,
892 3523 994 3580 iterum
1007 3522 1086 3580 Orco
1267 3525 1306 3583 10

396 3603 568 3675 Demissum,
582 3603 718 3679 quamvis,
732 3603 833 3678 clypeo
846 3602 973 3678 Trojana
986 3601 1073 3660 refixo

554 3683 698 3757 Tempora
711 3693 838 3753 testatus,
853 3682 923 3738 nihil
939 3682 1012 3738 ultra

397 3757 508 3816 Nervos
522 3770 604 3833 atque
619 3771 713 3817 cutem
727 3761 810 3817 morti
824 3770 1004 3816 concesserat
1018 3769 1102 3829 atrae3

554 3836 572 3893 J
575 3838 658 3895 udice
673 3856 728 3909 me,
742 3857 800 3895 non
815 3838 944 3894 sordidus
958 3850 1056 3895 auctor

398 3914 516 3974 Naturae
530 3916 650 3990 verique.
693 3915 750 3972 Sed
764 3911 866 3972 omnes'
877 3936 935 3973 una
948 3928 1044 3974 manet
1057 3936 1123 3989 nox,
1266 3917 1304 3976 15

554 3995 592 4051 Et
606 3995 744 4052 calcanda
757 3995 844 4052 semel
859 3996 903 4051 via
916 3995 973 4052 leti.

398 4073 476 4131 Dant
489 4074 558 4131 ulios
573 4073 667 4130 Furiae
681 4085 759 4131 torvo
773 4075 934 4149 spectacula
948 4075 1052 4131 Marti:

555 4152 651 4211 Exitio
665 4163 708 4211 est
721 4155 833 4210 avidum
849 4172 926 4210 mare
940 4155 1051 4211 nautis:
