<?xml version="1.0" encoding="UTF-8"?>
<!DOCTYPE html PUBLIC "-//W3C//DTD XHTML 1.0 Transitional//EN"
    "http://www.w3.org/TR/xhtml1/DTD/xhtml1-transitional.dtd">
<html xmlns="http://www.w3.org/1999/xhtml" xml:lang="en" lang="en">
 <head>
  <title>
</title>
<meta http-equiv="Content-Type" content="text/html;charset=utf-8" />
  <meta name='ocr-system' content='tesseract 3.04.00' />
  <meta name='ocr-capabilities' content='ocr_page ocr_carea ocr_par ocr_line ocrx_word'/>
</head>
<body>
  <div class='ocr_page' id='page_1' title='image "./quintihoratiifl00horagoog_0093.png"; bbox 0 0 3084 4900; ppageno 0'>
   <div class='ocr_carea' id='block_1_1' title="bbox 597 608 1014 692">
    <p class='ocr_par' dir='ltr' id='par_1_1' title="bbox 597 608 1014 692">
     <span class='ocr_line' id='line_1_1' title="bbox 597 608 1014 692; baseline 0.005 -31"><span class='ocrx_word' id='word_1_1' title='bbox 597 611 797 662; x_wconf 78' lang='lat' dir='ltr'><strong>CARMINUM</strong></span> <span class='ocrx_word' id='word_1_2' title='bbox 814 614 880 662; x_wconf 91' lang='lat' dir='ltr'>LIB.</span> <span class='ocrx_word' id='word_1_3' title='bbox 898 614 936 692; x_wconf 70' lang='lat' dir='ltr'>IV</span> <span class='ocrx_word' id='word_1_4' title='bbox 1007 608 1014 618; x_wconf 70' lang='lat'><em>⁰</em></span> 
     </span>
    </p>
   </div>
   <div class='ocr_carea' id='block_1_2' title="bbox 430 753 975 1226">
    <p class='ocr_par' dir='ltr' id='par_1_2' title="bbox 430 753 975 1226">
     <span class='ocr_line' id='line_1_2' title="bbox 471 753 866 832; baseline 0.008 -20"><span class='ocrx_word' id='word_1_5' title='bbox 471 753 517 813; x_wconf 85' lang='lat' dir='ltr'>Te</span> <span class='ocrx_word' id='word_1_6' title='bbox 531 754 675 815; x_wconf 87' lang='lat' dir='ltr'>belluosus</span> <span class='ocrx_word' id='word_1_7' title='bbox 688 757 736 832; x_wconf 93' lang='lat' dir='ltr'>qui</span> <span class='ocrx_word' id='word_1_8' title='bbox 750 757 866 815; x_wconf 90' lang='lat' dir='ltr'>remotis</span> 
     </span>
     <span class='ocr_line' id='line_1_3' title="bbox 509 834 975 913; baseline 0.006 -22"><span class='ocrx_word' id='word_1_9' title='bbox 509 834 657 913; x_wconf 90' lang='lat' dir='ltr'>Obstrepit</span> <span class='ocrx_word' id='word_1_10' title='bbox 670 835 807 894; x_wconf 86' lang='lat' dir='ltr'><strong>Oceanus</strong></span> <span class='ocrx_word' id='word_1_11' title='bbox 820 835 975 910; x_wconf 90' lang='lat' dir='ltr'>Britannis,</span> 
     </span>
     <span class='ocr_line' id='line_1_4' title="bbox 431 912 921 991; baseline 0.002 -21"><span class='ocrx_word' id='word_1_12' title='bbox 431 912 478 971; x_wconf 88' lang='lat' dir='ltr'>Te</span> <span class='ocrx_word' id='word_1_13' title='bbox 492 932 550 971; x_wconf 91' lang='lat' dir='ltr'>non</span> <span class='ocrx_word' id='word_1_14' title='bbox 563 914 692 991; x_wconf 87' lang='lat' dir='ltr'>paventis</span> <span class='ocrx_word' id='word_1_15' title='bbox 706 916 806 973; x_wconf 87' lang='lat' dir='ltr'>funera</span> <span class='ocrx_word' id='word_1_16' title='bbox 820 916 921 973; x_wconf 84' lang='lat' dir='ltr'>Galliae</span> 
     </span>
     <span class='ocr_line' id='line_1_5' title="bbox 430 990 897 1068; baseline 0 -18"><span class='ocrx_word' id='word_1_17' title='bbox 430 990 575 1068; x_wconf 85' lang='lat' dir='ltr'>Duraeque</span> <span class='ocrx_word' id='word_1_18' title='bbox 588 994 671 1050; x_wconf 87' lang='lat' dir='ltr'>tellus</span> <span class='ocrx_word' id='word_1_19' title='bbox 685 995 765 1051; x_wconf 88' lang='lat' dir='ltr'>audit</span> <span class='ocrx_word' id='word_1_20' title='bbox 778 993 897 1051; x_wconf 83' lang='lat' dir='ltr'>Iberiae:</span> 
     </span>
     <span class='ocr_line' id='line_1_6' title="bbox 470 1070 935 1147; baseline -0.002 -18"><span class='ocrx_word' id='word_1_21' title='bbox 470 1070 517 1129; x_wconf 89' lang='lat' dir='ltr'>Te</span> <span class='ocrx_word' id='word_1_22' title='bbox 531 1072 610 1129; x_wconf 79' lang='lat' dir='ltr'>caede</span> <span class='ocrx_word' id='word_1_23' title='bbox 623 1072 781 1147; x_wconf 84' lang='lat' dir='ltr'>gaudentes</span> <span class='ocrx_word' id='word_1_24' title='bbox 793 1071 935 1129; x_wconf 83' lang='lat' dir='ltr'><strong>Sicambri</strong></span> 
     </span>
     <span class='ocr_line' id='line_1_7' title="bbox 509 1149 975 1226; baseline 0.002 -19"><span class='ocrx_word' id='word_1_25' title='bbox 509 1149 681 1226; x_wconf 84' lang='lat' dir='ltr'>Compositis</span> <span class='ocrx_word' id='word_1_26' title='bbox 695 1162 866 1208; x_wconf 85' lang='lat' dir='ltr'>venerantur</span> <span class='ocrx_word' id='word_1_27' title='bbox 880 1150 975 1208; x_wconf 87' lang='lat' dir='ltr'>armis.</span> 
     </span>
    </p>
   </div>
   <div class='ocr_carea' id='block_1_3' title="bbox 675 1459 865 1521">
    <p class='ocr_par' dir='ltr' id='par_1_3' title="bbox 675 1459 865 1521">
     <span class='ocr_line' id='line_1_8' title="bbox 675 1459 865 1521; baseline 0.005 -1"><span class='ocrx_word' id='word_1_28' title='bbox 675 1459 759 1520; x_wconf 89' lang='lat' dir='ltr'>ODE</span> <span class='ocrx_word' id='word_1_29' title='bbox 779 1461 865 1521; x_wconf 91' lang='lat' dir='ltr'>XIV.</span> 
     </span>
    </p>
   </div>
   <div class='ocr_carea' id='block_1_4' title="bbox 635 1599 906 1641">
    <p class='ocr_par' dir='ltr' id='par_1_4' title="bbox 635 1599 906 1641">
     <span class='ocr_line' id='line_1_9' title="bbox 635 1599 906 1641; baseline 0.004 -2"><span class='ocrx_word' id='word_1_30' title='bbox 635 1599 766 1641; x_wconf 76' lang='lat' dir='ltr'>AUGUSTI</span> <span class='ocrx_word' id='word_1_31' title='bbox 780 1599 906 1640; x_wconf 68' lang='lat' dir='ltr'>munus,</span> 
     </span>
    </p>
   </div>
   <div class='ocr_carea' id='block_1_5' title="bbox 420 1698 1074 4221">
    <p class='ocr_par' dir='ltr' id='par_1_5' title="bbox 427 1698 1074 1937">
     <span class='ocr_line' id='line_1_10' title="bbox 427 1698 1074 1779; baseline 0.009 -22"><span class='ocrx_word' id='word_1_32' title='bbox 427 1698 561 1759; x_wconf 79' lang='lat' dir='ltr'>Pramnos</span> <span class='ocrx_word' id='word_1_33' title='bbox 574 1700 716 1760; x_wconf 87' lang='lat' dir='ltr'>volentem</span> <span class='ocrx_word' id='word_1_34' title='bbox 728 1698 828 1776; x_wconf 87' lang='lat' dir='ltr'>proelia</span> <span class='ocrx_word' id='word_1_35' title='bbox 840 1720 887 1759; x_wconf 91' lang='lat' dir='ltr'>me</span> <span class='ocrx_word' id='word_1_36' title='bbox 900 1701 976 1779; x_wconf 90' lang='lat' dir='ltr'>loqui</span> <span class='ocrx_word' id='word_1_37' title='bbox 1071 1758 1074 1763; x_wconf 91' lang='lat'>.</span> 
     </span>
     <span class='ocr_line' id='line_1_11' title="bbox 428 1779 907 1856; baseline 0 -18"><span class='ocrx_word' id='word_1_38' title='bbox 428 1779 528 1838; x_wconf 84' lang='lat' dir='ltr'>Victas</span> <span class='ocrx_word' id='word_1_39' title='bbox 541 1789 570 1837; x_wconf 92' lang='lat' dir='ltr'>et</span> <span class='ocrx_word' id='word_1_40' title='bbox 583 1780 668 1838; x_wconf 89' lang='lat' dir='ltr'>urbes</span> <span class='ocrx_word' id='word_1_41' title='bbox 682 1779 824 1856; x_wconf 82' lang='lat' dir='ltr'>increpuit</span> <span class='ocrx_word' id='word_1_42' title='bbox 836 1780 907 1856; x_wconf 67' lang='lat' dir='ltr'>lyra,</span> 
     </span>
     <span class='ocr_line' id='line_1_12' title="bbox 468 1858 988 1937; baseline 0.002 -20"><span class='ocrx_word' id='word_1_43' title='bbox 468 1858 516 1917; x_wconf 92' lang='lat' dir='ltr'>Ne</span> <span class='ocrx_word' id='word_1_44' title='bbox 529 1878 615 1934; x_wconf 80' lang='lat' dir='ltr'>parva</span> <span class='ocrx_word' id='word_1_45' title='bbox 629 1858 814 1935; x_wconf 87' lang='lat' dir='ltr'>Tyrrhenum</span> <span class='ocrx_word' id='word_1_46' title='bbox 827 1878 878 1934; x_wconf 92' lang='lat' dir='ltr'>per</span> <span class='ocrx_word' id='word_1_47' title='bbox 892 1878 988 1937; x_wconf 74' lang='lat' dir='ltr'>aequor</span> 
     </span>
    </p>

    <p class='ocr_par' dir='ltr' id='par_1_6' title="bbox 427 1937 1016 2092">
     <span class='ocr_line' id='line_1_13' title="bbox 505 1937 1016 2012; baseline 0.006 -17"><span class='ocrx_word' id='word_1_48' title='bbox 505 1937 579 1996; x_wconf 89' lang='lat' dir='ltr'>Vela</span> <span class='ocrx_word' id='word_1_49' title='bbox 592 1939 698 1995; x_wconf 92' lang='lat' dir='ltr'>darem.</span> <span class='ocrx_word' id='word_1_50' title='bbox 733 1937 810 2009; x_wconf 90' lang='lat' dir='ltr'>Tua,</span> <span class='ocrx_word' id='word_1_51' title='bbox 825 1937 932 2012; x_wconf 84' lang='lat' dir='ltr'>Caesar,</span> <span class='ocrx_word' id='word_1_52' title='bbox 947 1950 1016 1998; x_wconf 82' lang='lat' dir='ltr'>aetas</span> 
     </span>
     <span class='ocr_line' id='line_1_14' title="bbox 427 2015 915 2092; baseline 0.002 -18"><span class='ocrx_word' id='word_1_53' title='bbox 427 2015 540 2092; x_wconf 86' lang='lat' dir='ltr'>Fruges</span> <span class='ocrx_word' id='word_1_54' title='bbox 552 2026 582 2073; x_wconf 88' lang='lat' dir='ltr'>et</span> <span class='ocrx_word' id='word_1_55' title='bbox 595 2017 670 2091; x_wconf 88' lang='lat' dir='ltr'>agris</span> <span class='ocrx_word' id='word_1_56' title='bbox 683 2016 790 2073; x_wconf 90' lang='lat' dir='ltr'>rettulit</span> <span class='ocrx_word' id='word_1_57' title='bbox 803 2017 915 2091; x_wconf 85' lang='lat' dir='ltr'>uberes,</span> 
     </span>
    </p>

    <p class='ocr_par' dir='ltr' id='par_1_7' title="bbox 427 2093 910 2248">
     <span class='ocr_line' id='line_1_15' title="bbox 427 2093 885 2170; baseline 0.002 -18"><span class='ocrx_word' id='word_1_58' title='bbox 427 2093 466 2153; x_wconf 85' lang='lat' dir='ltr'>Et</span> <span class='ocrx_word' id='word_1_59' title='bbox 479 2095 561 2170; x_wconf 85' lang='lat' dir='ltr'>sigua</span> <span class='ocrx_word' id='word_1_60' title='bbox 575 2105 671 2151; x_wconf 89' lang='lat' dir='ltr'>nostro</span> <span class='ocrx_word' id='word_1_61' title='bbox 684 2095 808 2152; x_wconf 83' lang='lat' dir='ltr'>restituit</span> <span class='ocrx_word' id='word_1_62' title='bbox 820 2094 839 2149; x_wconf 85' lang='lat' dir='ltr'><strong>J</strong></span> <span class='ocrx_word' id='word_1_63' title='bbox 840 2096 885 2153; x_wconf 88' lang='lat' dir='ltr'>ovi</span> 
     </span>
     <span class='ocr_line' id='line_1_16' title="bbox 466 2171 910 2248; baseline 0 -18"><span class='ocrx_word' id='word_1_64' title='bbox 466 2171 586 2248; x_wconf 85' lang='lat' dir='ltr'>Direpta</span> <span class='ocrx_word' id='word_1_65' title='bbox 599 2172 767 2230; x_wconf 84' lang='lat' dir='ltr'>Parthorum</span> <span class='ocrx_word' id='word_1_66' title='bbox 782 2174 910 2248; x_wconf 90' lang='lat' dir='ltr'>superbis</span> 
     </span>
    </p>

    <p class='ocr_par' dir='ltr' id='par_1_8' title="bbox 425 2249 974 2487">
     <span class='ocr_line' id='line_1_17' title="bbox 504 2249 943 2322; baseline 0.005 -14"><span class='ocrx_word' id='word_1_67' title='bbox 504 2249 647 2322; x_wconf 90' lang='lat' dir='ltr'>Postibus,</span> <span class='ocrx_word' id='word_1_68' title='bbox 662 2263 691 2308; x_wconf 92' lang='lat' dir='ltr'>et</span> <span class='ocrx_word' id='word_1_69' title='bbox 704 2270 827 2308; x_wconf 92' lang='lat' dir='ltr'>vacuum</span> <span class='ocrx_word' id='word_1_70' title='bbox 841 2252 943 2310; x_wconf 90' lang='lat' dir='ltr'>duellis</span> 
     </span>
     <span class='ocr_line' id='line_1_18' title="bbox 425 2329 974 2402; baseline 0.005 -15"><span class='ocrx_word' id='word_1_71' title='bbox 425 2329 532 2387; x_wconf 85' lang='lat' dir='ltr'>Jauum</span> <span class='ocrx_word' id='word_1_72' title='bbox 545 2329 663 2392; x_wconf 81' lang='lat' dir='ltr'>Quirini</span> <span class='ocrx_word' id='word_1_73' title='bbox 677 2329 789 2402; x_wconf 90' lang='lat' dir='ltr'>clausit,</span> <span class='ocrx_word' id='word_1_74' title='bbox 803 2339 832 2387; x_wconf 91' lang='lat' dir='ltr'>et</span> <span class='ocrx_word' id='word_1_75' title='bbox 844 2332 974 2390; x_wconf 89' lang='lat' dir='ltr'>ordinem</span> 
     </span>
     <span class='ocr_line' id='line_1_19' title="bbox 426 2409 963 2487; baseline 0 -19"><span class='ocrx_word' id='word_1_76' title='bbox 426 2409 554 2468; x_wconf 90' lang='lat' dir='ltr'>Rectum</span> <span class='ocrx_word' id='word_1_77' title='bbox 568 2418 597 2467; x_wconf 89' lang='lat' dir='ltr'>et</span> <span class='ocrx_word' id='word_1_78' title='bbox 611 2410 724 2487; x_wconf 87' lang='lat' dir='ltr'>vaganti</span> <span class='ocrx_word' id='word_1_79' title='bbox 738 2409 827 2467; x_wconf 80' lang='lat' dir='ltr'>fraena</span> <span class='ocrx_word' id='word_1_80' title='bbox 839 2410 963 2470; x_wconf 80' lang='lat' dir='ltr'>licentiae</span> 
     </span>
    </p>

    <p class='ocr_par' dir='ltr' id='par_1_9' title="bbox 465 2488 874 2566">
     <span class='ocr_line' id='line_1_20' title="bbox 465 2488 874 2566; baseline 0 -19"><span class='ocrx_word' id='word_1_81' title='bbox 465 2488 578 2566; x_wconf 88' lang='lat' dir='ltr'>Injeoit,</span> <span class='ocrx_word' id='word_1_82' title='bbox 593 2490 752 2565; x_wconf 90' lang='lat' dir='ltr'>amovitque</span> <span class='ocrx_word' id='word_1_83' title='bbox 765 2491 874 2565; x_wconf 88' lang='lat' dir='ltr'>culpas,</span> 
     </span>
    </p>

    <p class='ocr_par' dir='ltr' id='par_1_10' title="bbox 504 2568 916 2644">
     <span class='ocr_line' id='line_1_21' title="bbox 504 2568 916 2644; baseline 0.005 -18"><span class='ocrx_word' id='word_1_84' title='bbox 504 2568 543 2627; x_wconf 92' lang='lat' dir='ltr'>Et</span> <span class='ocrx_word' id='word_1_85' title='bbox 556 2579 664 2627; x_wconf 91' lang='lat' dir='ltr'>veteres</span> <span class='ocrx_word' id='word_1_86' title='bbox 678 2569 820 2628; x_wconf 87' lang='lat' dir='ltr'>revocavit</span> <span class='ocrx_word' id='word_1_87' title='bbox 832 2580 916 2644; x_wconf 89' lang='lat' dir='ltr'>artes,</span> 
     </span>
    </p>

    <p class='ocr_par' dir='ltr' id='par_1_11' title="bbox 424 2647 969 2883">
     <span class='ocr_line' id='line_1_22' title="bbox 424 2647 969 2725; baseline 0.002 -19"><span class='ocrx_word' id='word_1_88' title='bbox 424 2647 481 2706; x_wconf 89' lang='lat' dir='ltr'>Per</span> <span class='ocrx_word' id='word_1_89' title='bbox 495 2667 566 2725; x_wconf 88' lang='lat' dir='ltr'>quas</span> <span class='ocrx_word' id='word_1_90' title='bbox 579 2649 714 2724; x_wconf 78' lang='lat' dir='ltr'>Latinum</span> <span class='ocrx_word' id='word_1_91' title='bbox 727 2668 833 2708; x_wconf 92' lang='lat' dir='ltr'>nomen</span> <span class='ocrx_word' id='word_1_92' title='bbox 846 2660 875 2707; x_wconf 88' lang='lat' dir='ltr'>et</span> <span class='ocrx_word' id='word_1_93' title='bbox 889 2649 969 2708; x_wconf 81' lang='lat' dir='ltr'>Italae</span> 
     </span>
     <span class='ocr_line' id='line_1_23' title="bbox 425 2727 944 2806; baseline 0.002 -19"><span class='ocrx_word' id='word_1_94' title='bbox 425 2727 550 2787; x_wconf 75' lang='lat' dir='ltr'>erevere</span> <span class='ocrx_word' id='word_1_95' title='bbox 563 2728 646 2802; x_wconf 84' lang='lat' dir='ltr'>vires,</span> <span class='ocrx_word' id='word_1_96' title='bbox 661 2730 790 2805; x_wconf 83' lang='lat' dir='ltr'>famaque</span> <span class='ocrx_word' id='word_1_97' title='bbox 801 2740 831 2786; x_wconf 88' lang='lat' dir='ltr'>et</span> <span class='ocrx_word' id='word_1_98' title='bbox 843 2728 944 2806; x_wconf 81' lang='lat' dir='ltr'>imperi</span> 
     </span>
     <span class='ocr_line' id='line_1_24' title="bbox 464 2807 902 2883; baseline -0.002 -17"><span class='ocrx_word' id='word_1_99' title='bbox 464 2807 600 2866; x_wconf 89' lang='lat' dir='ltr'>Porrecta</span> <span class='ocrx_word' id='word_1_100' title='bbox 612 2807 744 2883; x_wconf 86' lang='lat' dir='ltr'>majestas</span> <span class='ocrx_word' id='word_1_101' title='bbox 759 2808 794 2864; x_wconf 94' lang='lat' dir='ltr'>ad</span> <span class='ocrx_word' id='word_1_102' title='bbox 808 2819 902 2865; x_wconf 92' lang='lat' dir='ltr'>ortum</span> 
     </span>
    </p>

    <p class='ocr_par' dir='ltr' id='par_1_12' title="bbox 424 2885 1025 3116">
     <span class='ocr_line' id='line_1_25' title="bbox 503 2885 892 2959; baseline 0 -16"><span class='ocrx_word' id='word_1_103' title='bbox 503 2886 578 2943; x_wconf 84' lang='lat' dir='ltr'>Solis</span> <span class='ocrx_word' id='word_1_104' title='bbox 591 2886 627 2941; x_wconf 89' lang='lat' dir='ltr'>ab</span> <span class='ocrx_word' id='word_1_105' title='bbox 641 2885 783 2959; x_wconf 90' lang='lat' dir='ltr'>Hesperio</span> <span class='ocrx_word' id='word_1_106' title='bbox 796 2885 892 2943; x_wconf 90' lang='lat' dir='ltr'>cubili.</span> 
     </span>
     <span class='ocr_line' id='line_1_26' title="bbox 424 2963 957 3034; baseline 0.004 -13"><span class='ocrx_word' id='word_1_107' title='bbox 424 2963 551 3022; x_wconf 83' lang='lat' dir='ltr'>Custode</span> <span class='ocrx_word' id='word_1_108' title='bbox 562 2981 656 3020; x_wconf 90' lang='lat' dir='ltr'>rerum</span> <span class='ocrx_word' id='word_1_109' title='bbox 671 2963 796 3034; x_wconf 75' lang='lat' dir='ltr'>Caesare,</span> <span class='ocrx_word' id='word_1_110' title='bbox 810 2981 869 3020; x_wconf 91' lang='lat' dir='ltr'>uon</span> <span class='ocrx_word' id='word_1_111' title='bbox 881 2964 957 3023; x_wconf 83' lang='lat' dir='ltr'>furor</span> 
     </span>
     <span class='ocr_line' id='line_1_27' title="bbox 424 3041 1025 3116; baseline -0.002 -17"><span class='ocrx_word' id='word_1_112' title='bbox 424 3041 533 3115; x_wconf 88' lang='lat' dir='ltr'>Civilis,</span> <span class='ocrx_word' id='word_1_113' title='bbox 548 3051 597 3099; x_wconf 88' lang='lat' dir='ltr'>aut</span> <span class='ocrx_word' id='word_1_114' title='bbox 610 3041 652 3098; x_wconf 87' lang='lat' dir='ltr'>vis</span> <span class='ocrx_word' id='word_1_115' title='bbox 665 3041 771 3099; x_wconf 84' lang='lat' dir='ltr'>eximet</span> <span class='ocrx_word' id='word_1_116' title='bbox 784 3041 890 3112; x_wconf 88' lang='lat' dir='ltr'>otium;</span> <span class='ocrx_word' id='word_1_117' title='bbox 972 3107 979 3116; x_wconf 47' lang='lat'>‚</span> <span class='ocrx_word' id='word_1_118' title='bbox 1021 3098 1025 3105; x_wconf 84' lang='grc'>,</span> 
     </span>
    </p>

    <p class='ocr_par' dir='ltr' id='par_1_13' title="bbox 463 3119 925 3195">
     <span class='ocr_line' id='line_1_28' title="bbox 463 3119 925 3195; baseline 0.002 -18"><span class='ocrx_word' id='word_1_119' title='bbox 463 3119 532 3178; x_wconf 92' lang='lat' dir='ltr'>Non</span> <span class='ocrx_word' id='word_1_120' title='bbox 546 3121 597 3193; x_wconf 91' lang='lat' dir='ltr'>ira,</span> <span class='ocrx_word' id='word_1_121' title='bbox 611 3139 674 3195; x_wconf 83' lang='lat' dir='ltr'>quae</span> <span class='ocrx_word' id='word_1_122' title='bbox 687 3120 818 3195; x_wconf 93' lang='lat' dir='ltr'>procudit</span> <span class='ocrx_word' id='word_1_123' title='bbox 831 3139 925 3193; x_wconf 87' lang='lat' dir='ltr'>enses,</span> 
     </span>
    </p>

    <p class='ocr_par' dir='ltr' id='par_1_14' title="bbox 502 3197 919 3256">
     <span class='ocr_line' id='line_1_29' title="bbox 502 3197 919 3256; baseline 0.002 -1"><span class='ocrx_word' id='word_1_124' title='bbox 502 3197 540 3256; x_wconf 91' lang='lat' dir='ltr'>Et</span> <span class='ocrx_word' id='word_1_125' title='bbox 552 3199 670 3256; x_wconf 88' lang='lat' dir='ltr'>miseras</span> <span class='ocrx_word' id='word_1_126' title='bbox 683 3198 812 3256; x_wconf 83' lang='lat' dir='ltr'>inimicat</span> <span class='ocrx_word' id='word_1_127' title='bbox 825 3199 919 3256; x_wconf 90' lang='lat' dir='ltr'>urbes.</span> 
     </span>
    </p>

    <p class='ocr_par' dir='ltr' id='par_1_15' title="bbox 421 3275 1033 3508">
     <span class='ocr_line' id='line_1_30' title="bbox 422 3275 1033 3354; baseline 0.007 -20"><span class='ocrx_word' id='word_1_128' title='bbox 422 3275 492 3336; x_wconf 93' lang='lat' dir='ltr'>Non</span> <span class='ocrx_word' id='word_1_129' title='bbox 505 3277 553 3353; x_wconf 88' lang='lat' dir='ltr'>qui</span> <span class='ocrx_word' id='word_1_130' title='bbox 566 3277 737 3354; x_wconf 79' lang='lat' dir='ltr'>profundum</span> <span class='ocrx_word' id='word_1_131' title='bbox 751 3276 917 3335; x_wconf 89' lang='lat' dir='ltr'>Danubium</span> <span class='ocrx_word' id='word_1_132' title='bbox 931 3276 1033 3340; x_wconf 88' lang='lat' dir='ltr'>bibunt</span> 
     </span>
     <span class='ocr_line' id='line_1_31' title="bbox 421 3355 942 3432; baseline 0.002 -18"><span class='ocrx_word' id='word_1_133' title='bbox 421 3355 525 3414; x_wconf 89' lang='lat' dir='ltr'>Edicta</span> <span class='ocrx_word' id='word_1_134' title='bbox 535 3366 668 3432; x_wconf 91' lang='lat' dir='ltr'>rumpent</span> <span class='ocrx_word' id='word_1_135' title='bbox 680 3355 699 3412; x_wconf 89' lang='lat' dir='ltr'>J</span> <span class='ocrx_word' id='word_1_136' title='bbox 701 3356 767 3428; x_wconf 87' lang='lat' dir='ltr'>ulia,</span> <span class='ocrx_word' id='word_1_137' title='bbox 781 3375 839 3414; x_wconf 89' lang='lat' dir='ltr'>non</span> <span class='ocrx_word' id='word_1_138' title='bbox 850 3357 942 3430; x_wconf 85' lang='lat' dir='ltr'>Getae,</span> 
     </span>
     <span class='ocr_line' id='line_1_32' title="bbox 461 3435 890 3508; baseline 0.002 -15"><span class='ocrx_word' id='word_1_139' title='bbox 461 3435 532 3494; x_wconf 92' lang='lat' dir='ltr'>Non</span> <span class='ocrx_word' id='word_1_140' title='bbox 547 3436 642 3508; x_wconf 79' lang='lat' dir='ltr'>Seres,</span> <span class='ocrx_word' id='word_1_141' title='bbox 656 3435 771 3493; x_wconf 85' lang='lat' dir='ltr'>infidive</span> <span class='ocrx_word' id='word_1_142' title='bbox 785 3435 890 3508; x_wconf 86' lang='lat' dir='ltr'>Persae,</span> 
     </span>
    </p>

    <p class='ocr_par' dir='ltr' id='par_1_16' title="bbox 421 3514 1008 3750">
     <span class='ocr_line' id='line_1_33' title="bbox 500 3514 1008 3593; baseline 0.004 -21"><span class='ocrx_word' id='word_1_143' title='bbox 500 3514 569 3573; x_wconf 90' lang='lat' dir='ltr'>Non</span> <span class='ocrx_word' id='word_1_144' title='bbox 584 3514 710 3572; x_wconf 85' lang='lat' dir='ltr'>Tanaim</span> <span class='ocrx_word' id='word_1_145' title='bbox 723 3534 810 3593; x_wconf 91' lang='lat' dir='ltr'>prope</span> <span class='ocrx_word' id='word_1_146' title='bbox 825 3515 931 3574; x_wconf 87' lang='lat' dir='ltr'>flumen</span> <span class='ocrx_word' id='word_1_147' title='bbox 944 3514 1008 3574; x_wconf 88' lang='lat' dir='ltr'>orti.</span> 
     </span>
     <span class='ocr_line' id='line_1_34' title="bbox 421 3591 1005 3671; baseline 0.003 -21"><span class='ocrx_word' id='word_1_148' title='bbox 421 3591 540 3670; x_wconf 88' lang='lat' dir='ltr'>Nosque</span> <span class='ocrx_word' id='word_1_149' title='bbox 553 3605 582 3653; x_wconf 96' lang='lat' dir='ltr'>et</span> <span class='ocrx_word' id='word_1_150' title='bbox 595 3595 724 3671; x_wconf 82' lang='lat' dir='ltr'>profestis</span> <span class='ocrx_word' id='word_1_151' title='bbox 737 3595 850 3653; x_wconf 92' lang='lat' dir='ltr'>lucibus</span> <span class='ocrx_word' id='word_1_152' title='bbox 863 3606 893 3654; x_wconf 89' lang='lat' dir='ltr'>et</span> <span class='ocrx_word' id='word_1_153' title='bbox 905 3594 1005 3668; x_wconf 83' lang='lat' dir='ltr'>sacris,</span> 
     </span>
     <span class='ocr_line' id='line_1_35' title="bbox 422 3672 858 3750; baseline 0.002 -20"><span class='ocrx_word' id='word_1_154' title='bbox 422 3672 503 3731; x_wconf 90' lang='lat' dir='ltr'>Inter</span> <span class='ocrx_word' id='word_1_155' title='bbox 515 3674 605 3750; x_wconf 89' lang='lat' dir='ltr'>jocosi</span> <span class='ocrx_word' id='word_1_156' title='bbox 618 3694 738 3732; x_wconf 87' lang='lat' dir='ltr'>munera</span> <span class='ocrx_word' id='word_1_157' title='bbox 752 3673 858 3747; x_wconf 89' lang='lat' dir='ltr'>Liberi,</span> 
     </span>
    </p>

    <p class='ocr_par' dir='ltr' id='par_1_17' title="bbox 462 3749 1039 3828">
     <span class='ocr_line' id='line_1_36' title="bbox 462 3749 1039 3828; baseline 0.003 -20"><span class='ocrx_word' id='word_1_158' title='bbox 462 3751 537 3809; x_wconf 88' lang='lat' dir='ltr'>Cum</span> <span class='ocrx_word' id='word_1_159' title='bbox 550 3753 628 3827; x_wconf 91' lang='lat' dir='ltr'>prole</span> <span class='ocrx_word' id='word_1_160' title='bbox 641 3753 835 3828; x_wconf 85' lang='lat' dir='ltr'>matronisque</span> <span class='ocrx_word' id='word_1_161' title='bbox 848 3751 962 3825; x_wconf 84' lang='lat' dir='ltr'>nostris,</span> <span class='ocrx_word' id='word_1_162' title='bbox 1037 3749 1039 3753; x_wconf 66' lang='grc'>’</span> 
     </span>
    </p>

    <p class='ocr_par' dir='ltr' id='par_1_18' title="bbox 420 3827 1004 4063">
     <span class='ocr_line' id='line_1_37' title="bbox 498 3827 911 3906; baseline 0 -19"><span class='ocrx_word' id='word_1_163' title='bbox 498 3827 570 3887; x_wconf 73' lang='lat' dir='ltr'>Rite</span> <span class='ocrx_word' id='word_1_164' title='bbox 585 3829 653 3887; x_wconf 89' lang='lat' dir='ltr'>deos</span> <span class='ocrx_word' id='word_1_165' title='bbox 666 3828 745 3906; x_wconf 79' lang='lat' dir='ltr'>prius</span> <span class='ocrx_word' id='word_1_166' title='bbox 758 3830 911 3906; x_wconf 86' lang='lat' dir='ltr'>apprecati,</span> 
     </span>
     <span class='ocr_line' id='line_1_38' title="bbox 420 3907 1004 3984; baseline -0.002 -17"><span class='ocrx_word' id='word_1_167' title='bbox 420 3907 533 3967; x_wconf 88' lang='lat' dir='ltr'>Virtute</span> <span class='ocrx_word' id='word_1_168' title='bbox 547 3907 668 3982; x_wconf 83' lang='lat' dir='ltr'>firnctos,</span> <span class='ocrx_word' id='word_1_169' title='bbox 679 3927 757 3966; x_wconf 91' lang='lat' dir='ltr'>more</span> <span class='ocrx_word' id='word_1_170' title='bbox 769 3919 892 3984; x_wconf 90' lang='lat' dir='ltr'>patrum,</span> <span class='ocrx_word' id='word_1_171' title='bbox 906 3909 1004 3982; x_wconf 88' lang='lat' dir='ltr'>duces,</span> 
     </span>
     <span class='ocr_line' id='line_1_39' title="bbox 421 3987 883 4063; baseline -0.004 -17"><span class='ocrx_word' id='word_1_172' title='bbox 421 3987 509 4063; x_wconf 88' lang='lat' dir='ltr'>Lydis</span> <span class='ocrx_word' id='word_1_173' title='bbox 522 3987 641 4045; x_wconf 88' lang='lat' dir='ltr'>remixto</span> <span class='ocrx_word' id='word_1_174' title='bbox 655 3987 783 4045; x_wconf 83' lang='lat' dir='ltr'>carmine</span> <span class='ocrx_word' id='word_1_175' title='bbox 796 3987 883 4060; x_wconf 91' lang='lat' dir='ltr'>tibiis,</span> 
     </span>
    </p>

    <p class='ocr_par' dir='ltr' id='par_1_19' title="bbox 460 4065 986 4143">
     <span class='ocr_line' id='line_1_40' title="bbox 460 4065 986 4143; baseline 0.002 -20"><span class='ocrx_word' id='word_1_176' title='bbox 460 4066 633 4143; x_wconf 83' lang='lat' dir='ltr'>Trojamque</span> <span class='ocrx_word' id='word_1_177' title='bbox 646 4076 675 4124; x_wconf 91' lang='lat' dir='ltr'>et</span> <span class='ocrx_word' id='word_1_178' title='bbox 688 4066 848 4138; x_wconf 83' lang='lat' dir='ltr'>Anchisen,</span> <span class='ocrx_word' id='word_1_179' title='bbox 862 4075 891 4124; x_wconf 93' lang='lat' dir='ltr'>et</span> <span class='ocrx_word' id='word_1_180' title='bbox 904 4065 986 4124; x_wconf 81' lang='lat' dir='ltr'>alma</span> 
     </span>
    </p>

    <p class='ocr_par' dir='ltr' id='par_1_20' title="bbox 499 4145 960 4221">
     <span class='ocr_line' id='line_1_41' title="bbox 499 4145 960 4221; baseline 0 -18"><span class='ocrx_word' id='word_1_181' title='bbox 499 4145 669 4221; x_wconf 86' lang='lat' dir='ltr'>Progeniem</span> <span class='ocrx_word' id='word_1_182' title='bbox 682 4145 806 4204; x_wconf 88' lang='lat' dir='ltr'>Veneris</span> <span class='ocrx_word' id='word_1_183' title='bbox 815 4164 960 4204; x_wconf 85' lang='lat' dir='ltr'>canemus.</span> 
     </span>
    </p>
   </div>
   <div class='ocr_carea' id='block_1_6' title="bbox 0 0 1546 4900">
    <p class='ocr_par' dir='ltr' id='par_1_21' title="bbox 0 0 1546 4900">
     <span class='ocr_line' id='line_1_42' title="bbox 0 0 1546 4900; baseline 0 4"><span class='ocrx_word' id='word_1_184' title='bbox 0 0 1546 4900; x_wconf 95' lang='lat' dir='ltr'> </span> 
     </span>
    </p>
   </div>
  </div>
 </body>
</html>
