3084 4900
324 600 365 657 94
652 599 683 654 Q·
701 598 848 648 HORATll
866 599 989 648 FLACCI

363 739 455 798 Instat
469 741 549 817 equis
564 741 662 817 auriga
676 762 742 800 suos
756 742 946 814 vincentibus,
962 741 1041 799 illum
1262 745 1318 805 115

362 818 539 877 Praeteritum
554 833 684 878 temnens
698 835 838 880 extremos
853 823 926 879 inter
939 833 1064 880 euntem.

363 896 436 955 Inde
452 900 483 956 fit
496 912 526 956 ut
541 897 615 970 raro,
629 901 677 974 qui
691 921 721 958 se
736 901 838 957 vixisse
852 902 967 959 beatum

362 976 457 1050 Dicat,
471 990 500 1036 et
514 991 614 1036 exacto
628 991 779 1037 contentus
793 992 919 1056 tempore
933 982 996 1037 vitae

362 1057 454 1114 Cedat
468 1055 509 1114 uti
524 1060 643 1116 conviva
657 1071 744 1128 satur,
759 1059 882 1133 reperire
897 1078 1042 1134 queamus.

401 1136 466 1192 Jam
481 1137 549 1194 satis
565 1149 625 1194 est:
647 1156 743 1193 neme
758 1138 882 1213 Crispini
897 1138 1000 1194 scrinia
1014 1138 1083 1213 lippi
1256 1139 1313 1198 120

361 1214 538 1291 Compilasse
550 1227 642 1292 putes,
657 1216 775 1273 verbum
789 1235 847 1273 non
862 1214 984 1292 amplius
999 1218 1112 1275 addam.

704 1572 863 1630 SATIRA
884 1572 925 1631 Il.

360 1692 592 1750 Amnunasanuru
607 1691 736 1767 collegia,
750 1693 987 1768 pharmacopolae,

359 1769 499 1844 Mendici,
513 1772 616 1842 mimae,
631 1772 801 1844 balatrones,
816 1773 870 1829 hoc
883 1792 975 1847 genus
988 1793 1073 1831 omne

359 1848 495 1908 Moestum
509 1871 544 1909 ac
558 1851 708 1909 sollicitum
723 1861 766 1908 est
781 1852 904 1908 cantoris
917 1863 1007 1909 morte
1020 1851 1145 1929 Tigellt;

358 1930 475 2006 Quippe
490 1931 631 2007 benignus
645 1942 721 1987 erat:
743 1930 843 1987 contre
858 1931 914 2003 liic,
929 1950 966 1987 ne
979 1932 1115 2009 prodigus
1128 1951 1191 1991 esse

358 2007 478 2065 Dicatur
492 2021 632 2081 metuens,
647 2009 725 2083 inopi
738 2010 806 2066 dare
818 2010 888 2066 nolit
902 2010 994 2067 amico
1201 2069 1205 2090 Ι
1291 2013 1312 2071 5

357 2086 462 2163 Frigus
475 2108 530 2162 quo
544 2089 699 2162 duramque
714 2088 817 2144 samem
832 2088 973 2163 depellere
986 2089 1082 2164 possit.

359 2166 447 2223 Hunc
462 2167 485 2223 si
499 2167 683 2241 perconteris
698 2166 742 2221 311
756 2185 807 2223 cur
822 2177 904 2240 atque
918 2168 1043 2243 parentis

358 2244 526 2302 Praeelaram
541 2245 651 2320 ingrata
665 2245 784 2319 stringat
797 2245 888 2301 malus
902 2246 1026 2321 ingluvie
1040 2265 1111 2321 rem,

357 2323 465 2381 Omnia
478 2325 628 2381 conductis
642 2328 779 2381 coemens
792 2325 911 2381 obsonia
924 2325 1066 2395 nummis;

358 2403 496 2462 Sordidus
510 2414 593 2479 atque
607 2403 695 2461 animi
710 2401 786 2479 quod
801 2408 879 2480 parvi
893 2404 963 2462 nolit
978 2405 1087 2480 haberi,
1272 2407 1311 2468 10

358 2483 542 2560 Respondet:
563 2484 693 2541 laudatur
708 2485 743 2544 ab
758 2483 811 2555 his,
826 2485 956 2560 culpatur
970 2485 1084 2542 abillis.

357 2562 486 2621 Fufidius
500 2583 596 2639 vappae
611 2563 714 2620 famam
728 2563 809 2622 timet
823 2582 856 2620 ac
871 2564 1032 2636 nebulonis,

356 2642 444 2700 Dives
457 2643 541 2719 agris,
556 2644 635 2701 dives
648 2644 745 2719 positis
759 2643 789 2700 in
804 2644 911 2701 foenore
925 2645 1058 2701 nummis.

355 2721 471 2783 Quinas
485 2724 532 2780 hic
546 2724 632 2799 capiti
646 2724 793 2781 mercedes
807 2735 922 2781 exsecat
930 2744 938 2794 ;
959 2735 1043 2798 atque

355 2799 475 2863 Quanto
490 2803 623 2877 perditior
637 2803 754 2877 quisque
768 2815 821 2872 cst,
837 2800 916 2860 tante
931 2801 1026 2860 acrius
1039 2812 1139 2878 urget3
1271 2804 1310 2862 15

356 2880 482 2938 Nomina
496 2892 629 2952 sectatur,
641 2879 725 2937 modd
741 2881 854 2956 sumpte
868 2892 944 2938 veste
958 2882 1030 2939 virili

357 2961 418 3016 Sub
431 2960 557 3035 patribus
571 2960 658 3031 duris,
673 2960 803 3015 tironum.
846 2963 863 2988 “
874 2958 1029 3030 Maxime,”
1045 2960 1108 3034 quis
1122 2979 1190 3032 non,

356 3043 374 3069 ‘⁶
387 3038 497 3114 Jupiter
507 3039 532 3094 l’'
555 3038 703 3109 exclamet,
718 3037 801 3093 simul
817 3041 900 3111 atque
914 3039 1020 3095 audivit
1028 3039 1121 3096 l-At
1134 3040 1164 3096 in
1179 3058 1211 3097 se

356 3118 411 3175 Pro
426 3128 535 3192 quaestu
549 3128 692 3191 sumptum
708 3116 883 3172 facit-Hic
897 3117 944 3173 vix
958 3117 1074 3174 credere
1087 3137 1180 3192 possis

354 3194 454 3257 Quam
468 3195 522 3252 sibi
536 3214 593 3252 nou
608 3196 644 3252 sit
657 3194 782 3251 amicus:
804 3194 843 3251 ita
856 3206 887 3252 ut
900 3206 979 3270 pater
993 3195 1051 3268 ille,
1066 3194 1189 3254 Terenti
1268 3197 1309 3257 20

355 3274 466 3331 Fabula
480 3293 565 3349 quem
578 3274 713 3331 miserum
727 3284 795 3330 nato
810 3273 912 3331 vixisse
926 3275 1023 3350 fugato

355 3352 482 3425 Inducit‚
497 3372 555 3410 non
569 3372 600 3409 se
614 3350 695 3428 pejus
709 3352 881 3410 cruciaverit
894 3363 977 3428 atque
992 3355 1048 3411 hic.

395 3432 426 3490 Si
439 3433 502 3507 quis
515 3451 593 3489 nunc
606 3443 722 3506 quaerat,
738 3436 755 3461 “
767 3429 838 3493 Quo
853 3452 898 3489 res
911 3433 973 3489 haec
987 3433 1144 3509 pertinetl''
1165 3431 1258 3492 Illuc:

353 3510 432 3569 Dum
446 3512 535 3569 vitant
548 3512 626 3569 stulti
640 3512 717 3583 vitia,
732 3512 761 3568 in
777 3513 919 3570 contraria
932 3521 1058 3569 currunt.

354 3591 484 3650 Pastillos
498 3591 623 3649 Rufillus
633 3593 700 3665 olet,
716 3592 878 3668 Gorgonius
893 3592 1012 3649 1111311111.
1265 3593 1308 3652 25

689 3947 847 4005 SATIRA
870 3947 926 4005 Ill.

353 4065 497 4125 0111113113
512 4067 567 4125 hoc
581 4067 681 4125 vitium
695 4077 738 4125 est
751 4068 926 4139 cantoribus,
939 4068 1012 4126 inter
1023 4067 1131 4126 amicos

354 4144 393 4204 Ut
407 4165 556 4222 nunquam
571 4147 710 4204 inducant
725 4147 853 4204 animum
867 4159 982 4206 cantare
996 4149 1096 4225 rogati,
